2784 4242
246 240 306 285 102
522 219 719 285 Tertulliani
739 219 962 303 Apologcticus
1079 228 1250 293 [elinxit.

243 392 372 453 excubiis
383 391 444 451 suis
456 391 536 451 salva
548 399 711 469 praestant.
743 394 819 453 Puto
829 397 934 463 autem,
943 392 998 452 hae
1011 390 1092 470 ipsae
1102 390 1250 452 materiae

243 494 280 553 de
293 491 418 551 metallis
430 490 588 550 Caesarum
598 491 729 562 veniunt,
740 497 770 549 et
780 498 843 551 tota
853 492 962 569 templa
973 491 1009 549 de
1023 496 1099 550 nutu
1111 489 1252 550 Caesaris

243 595 388 651 constant.
430 587 521 648 Multi
542 589 667 666 denique
692 589 736 648 dii
757 590 924 649 habuerunt
949 589 1103 648 Caesarem
1127 589 1252 649 iratum.

242 688 327 748 Facit
354 689 393 747 ad
419 708 559 760 caussam,
582 688 607 747 si
632 693 663 747 et
688 688 859 766 propitium,
882 709 948 748 cum
971 688 1032 746 illis
1056 688 1171 766 aliquid
1197 695 1254 746 aut

220 787 432 858 5liberalitatis
446 793 498 846 aut
512 787 669 865 privilegii,
685 788 805 847 confert.
846 787 897 847 Ita
911 787 963 864 qui
982 792 1051 847 sunt
1067 786 1099 844 in
1113 786 1253 846 Caesaris

243 892 396 964 potestate,
422 888 505 962 cujus
524 893 563 946 ,et
586 886 643 945 t'oti
668 892 747 958 sunt,
771 887 918 963 quomodo
945 886 1095 945 habebunt
1120 886 1252 945 salutem

244 985 377 1044 Caesaris
404 984 436 1042 in
465 988 619 1060 potestate,
642 993 675 1043 ut
700 1006 764 1044 eam
792 992 942 1062 praestare
970 1006 1055 1063 posse
1079 986 1251 1055 videantur,

244 1103 333 1160 quam
360 1082 477 1141 facilius
505 1082 563 1158 ipsi
590 1104 608 1142 a
636 1083 761 1143 Caesare
788 1086 1027 1163 consequantur?
1077 1084 1150 1143 Ideo
1177 1103 1252 1160 ergo

245 1180 458 1240 committimus
482 1181 514 1238 in
542 1184 725 1258 majestatem
752 1183 972 1260 imperatorum,
996 1183 1066 1259 quia
1094 1181 1161 1241 illos
1190 1202 1251 1240 non

206 1279 414 1354 10subJ'icimus
439 1279 526 1338 rebus
549 1281 627 1353 suis;
649 1282 720 1358 quia
739 1301 799 1340 non
820 1281 951 1341 ludimus
972 1281 1008 1340 de
1030 1280 1124 1339 officio
1145 1278 1251 1339 salutis

244 1398 355 1450 eorum,
376 1378 427 1455 qui
449 1398 515 1437 eam
537 1399 597 1436 non
617 1386 756 1457 putamus
778 1380 811 1438 in
835 1380 970 1440 manibus
990 1400 1051 1438 esse
1077 1378 1250 1457 plumbatis.

245 1476 303 1536 Sed
323 1497 375 1538 vos
396 1476 534 1554 religiosi,
556 1477 607 1554 qni
628 1499 693 1536 eam
714 1478 855 1555 quaeritis
877 1478 930 1536 ubi
950 1498 1008 1537 non
1029 1483 1082 1550 est,
1104 1477 1211 1554 petitis
1231 1498 1251 1536 a

244 1577 350 1654 quibus
364 1575 429 1635 dari
451 1596 510 1633 non
529 1582 637 1653 potest,
657 1577 817 1653 praeterito
830 1597 865 1636 eo
878 1576 911 1634 in
926 1578 1010 1652 cujus
1026 1582 1072 1635 est
1092 1581 1250 1653 potestate.

243 1675 369 1752 Insuper
394 1694 442 1732 cos
470 1674 631 1747 debellatis,
655 1675 707 1751 qui
736 1694 798 1733 eam
825 1675 923 1734 sciunt
946 1680 1055 1752 petere,
1081 1674 1133 1751 qui
1158 1674 1249 1734 etiam

206 1802 233 1850 15
243 1778 365 1849 possunt
379 1773 547 1851 impetrare,
562 1772 630 1830 dum
650 1773 748 1833 sciunt
762 1779 870 1852 petere.

620 1960 756 2020 CAPUT
777 1959 871 2021 XXX.

285 2093 352 2152 Nos
367 2094 444 2152 enim
457 2114 512 2170 pro
526 2094 622 2151 salute
636 2093 845 2170 imperatorum
859 2094 955 2153 Deum
968 2092 1139 2153 invocamus
1153 2099 1248 2155 aeter-

243 2211 322 2263 num,
337 2193 430 2250 Deum
452 2213 562 2264 verum,
578 2192 674 2250 Deum
691 2193 802 2264 vivum,
818 2212 906 2268 quem
927 2198 956 2251 et
977 2191 1035 2269 ipsi
1055 2192 1248 2270 imperatores

243 2290 407 2368 propitium
435 2290 491 2348 sibi
518 2296 635 2369 praeter
659 2296 771 2350 ceteros
799 2291 921 2350 malunt.
964 2289 1079 2363 Sciunt,
1100 2292 1168 2369 quis
1188 2291 1247 2350 illis

203 2407 235 2442 πο
243 2388 356 2446 dederit
378 2389 552 2465 imperium3
583 2389 687 2463 sciunt,
711 2410 771 2467 qua
794 2388 934 2460 homines,
958 2388 1024 2465 quis
1047 2397 1078 2449 ot
1098 2390 1225 2449 animam
1237 2410 1246 2462 3

243 2486 385 2557 sentiunt,
410 2508 477 2545 eum
502 2489 597 2547 Deum
622 2510 683 2549 esse
708 2489 810 2560 solum,
831 2488 864 2546 in
887 2489 970 2564 cujus
990 2487 1081 2546 solius
1102 2493 1247 2565 potestate

243 2590 322 2658 sunt,
338 2607 356 2644 a
377 2606 436 2662 quo
457 2593 527 2647 sunt
549 2587 677 2660 secundi,
698 2595 765 2664 post
785 2607 871 2663 quem
891 2586 989 2664 primi,
1007 2594 1076 2645 anto
1096 2607 1196 2647 omnes
1217 2594 1246 2647 ct

280 2729 301 2766 1.
320 2720 373 2765 hae
384 2719 462 2774 ipsae
474 2721 610 2768 materiae
622 2722 657 2768 de
669 2721 801 2769 metallis.
836 2718 922 2781 Oomp.
934 2723 1002 2778 note,
1014 2717 1053 2766 ch.
1068 2730 1107 2766 12.

279 2807 300 2841 a.
320 2797 382 2842 tota
394 2797 500 2851 templa
510 2798 546 2843 de
556 2800 631 2844 nutu
642 2796 777 2846 caesaris.
810 2793 914 2843 Sueten.
930 2793 1014 2857 Galiy.
1028 2805 1067 2843 aa.

278 2881 302 2929 5.
320 2870 371 2925 qui
383 2871 494 2916 suntin
505 2872 633 2919 Caesaris
645 2874 795 2926 potestate.
829 2869 914 2931 Gomp.
930 2868 966 2917 ad
979 2869 1056 2932 Scap.
1070 2882 1093 2915 a.

276 2957 301 3005 9.
318 2944 524 2991 committimus
541 2945 574 2990 in
589 2946 784 3000 majestatem:
804 2945 811 2969 ‘
819 2958 858 2991 we
875 2942 916 2990 sin
931 2942 1050 3005 against.
1065 2978 1071 2990 .
1084 2939 1116 3001 .‘;
1135 2942 1245 2991 commit

244 3021 296 3064 tere
306 3015 329 3063 is
340 3016 402 3064 used
413 3016 492 3065 absol.
504 3017 539 3081 by
549 3017 638 3065 Cicero
648 3019 679 3064 is
685 3016 757 3066 Verr.
770 3017 797 3065 ii.
808 3030 829 3067 1.
837 3029 886 3079 433
902 3032 972 3065 more
982 3016 1084 3081 usually
1095 3018 1246 3066 committere

244 3093 335 3139 cmatra
348 3091 435 3153 lepras,
447 3092 477 3138 ia
491 3090 571 3153 leyem
580 3107 609 3139 or
621 3090 682 3153 loys.
706 3113 711 3117 ·

279 3177 317 3213 11.
334 3167 490 3222 plumbatis
501 3183 507 3213 :
520 3165 652 3214 ‘soldered
662 3165 725 3214 with
736 3165 794 3214 lead
802 3163 824 3224 '3
840 3180 919 3229 comp.
928 3164 968 3214 ch
979 3178 1018 3223 12,
1028 3167 1104 3213 ‘ante
1115 3165 1245 3229 plumbum

244 3243 270 3288 et
281 3238 409 3301 glutinum
423 3244 450 3288 et
461 3239 582 3303 gomphos
593 3240 647 3288 sine
657 3240 741 3303 capite
751 3244 813 3288 sunt
824 3239 860 3288 dii
873 3238 967 3288 vestri?

278 3324 315 3361 12.
334 3314 472 3370 religiosi.
495 3313 643 3377 Ironically,
654 3328 682 3362 aa
691 3314 720 3361 in
731 3313 769 3362 ch.
779 3312 795 3361 6
806 3312 864 3362 lata
890 3313 1041 3377 Irrels'ytosi
1051 3313 1073 3362 is
1084 3329 1101 3362 a
1112 3314 1245 3374 vautort,

243 3386 361 3450 carrying
371 3391 417 3435 out
428 3387 472 3435 the
482 3387 575 3450 charge
586 3403 614 3436 as
624 3387 738 3436 retorted
748 3387 777 3435 in
788 3388 827 3436 ch.
841 3401 880 3450 ²4

278 3473 316 3522 14
333 3474 381 3508 eos
394 3462 553 3508 debellatis.
588 3459 637 3509 See
647 3464 716 3519 note,
728 3461 767 3509 ch.
781 3473 803 3522 5.

279 3541 316 3594 17.
335 3537 395 3581 Nos
407 3536 485 3581 enim
497 3548 549 3590 pro
560 3536 660 3583 salute.
705 3535 792 3597 (lomp.
804 3534 840 3582 ad
853 3534 929 3598 Scap.
943 3548 973 3591 23
990 3534 1041 3584 sud
1051 3539 1113 3583 note
1123 3534 1212 3584 below.

279 3618 316 3666 19.
336 3608 446 3666 Sciunt,
459 3610 532 3666 quis,
544 3610 590 3656 etc.
624 3608 663 3657 Sc.
676 3623 730 3670 qua
740 3608 920 3670 imperatorem
937 3608 1016 3673 ‘they
1033 3625 1077 3658 are
1087 3608 1147 3658 well
1164 3624 1244 3658 suere

245 3677 286 3740 (as
298 3686 435 3738 emperors)
450 3678 506 3726 who
515 3695 580 3741 gave
591 3681 662 3729 them
672 3682 740 3729 their
751 3681 867 3744 imperial
876 3698 975 3746 power;
992 3700 1020 3733 as
1034 3698 1102 3740 men,
1114 3682 1172 3732 who
1182 3698 1243 3746 garo

245 3748 319 3797 them
328 3748 403 3806 life';
419 3767 499 3814 comp.
510 3753 548 3800 ch
562 3766 585 3815 5,
597 3757 605 3782 ‘
612 3770 663 3818 qua
674 3760 701 3804 et
712 3753 802 3805 homo.’
835 3755 903 3805 Plim
915 3757 1013 3821 Pomp.
1028 3771 1050 3818 1,
1062 3772 1102 3821 51.

279 3834 318 3869 as.
336 3837 353 3870 a
375 3836 431 3879 quo
450 3832 518 3872 sunt
535 3831 662 3876 secundi.
694 3829 749 3878 The
770 3830 866 3893 empire
884 3846 936 3879 was
957 3831 1081 3896 regarded
1100 3832 1129 3880 iu
1145 3832 1244 3881 variam
