2784 4242
254 244 297 307 42
532 230 731 297 Tertulliani
750 232 973 316 Apologeticus
1128 241 1202 307 [cn.
1214 248 1264 294 xi.

648 560 788 623 CAPUT
815 562 869 623 XI.

297 738 343 797 Er
357 737 503 816 quoniam,
521 738 598 799 sicut
610 737 677 798 illos
690 738 823 799 homines
836 738 927 798 fuisse
940 758 999 797 non
1012 736 1130 798 audetis
1144 757 1262 814 negare,

256 837 301 896 ita
319 842 388 914 post
406 843 539 896 mortem·
550 838 619 897 deos
639 837 732 897 factos
751 837 926 897 instituistis
947 857 1124 908 asseverare,
1142 855 1262 896 caussas

257 955 332 1013 quae
352 936 407 995 boc
427 936 579 1014 exegerint
599 941 798 996 retractemus.
839 935 989 1014 Imprimis
1002 936 1123 1014 quidem
1143 953 1262 994 necesse

233 1041 302 1108 5est
316 1034 480 1094 concedatis
495 1055 556 1095 esse
574 1034 703 1113 aliquem
720 1035 918 1095 sublimiorem
935 1035 1032 1094 Deum
1048 1040 1079 1093 et
1097 1033 1263 1111 mancipem

259 1132 412 1211 quemdam
432 1132 604 1205 divinitatis,
622 1134 674 1211 qui
695 1155 733 1193 ex
752 1133 920 1194 hominibus
940 1134 1009 1193 deos
1030 1132 1139 1193 fecerit
1182 1133 1262 1191 Nam

191 1246 195 1251 “
257 1251 351 1308 neque
359 1231 417 1291 sibi
429 1231 475 1290 illi
484 1233 648 1310 potuissent
661 1253 774 1292 sumere
789 1232 985 1304 divinitatem,
995 1253 1083 1309 quam
1097 1252 1158 1290 non
1171 1231 1262 1290 habe·

257 1330 338 1405 bant,
350 1351 403 1390 nec
416 1331 491 1390 alius
504 1337 653 1413 praestare
661 1352 727 1391 eam
740 1352 798 1391 non
811 1331 998 1402 habentibus,
1007 1330 1065 1389 nisi
1076 1330 1128 1408 qui
1141 1329 1262 1407 proprie

256 1429 432 1508 possidebat.
474 1430 614 1490 Ceterum
628 1431 653 1490 si
667 1451 751 1490 nemo
765 1436 848 1503 esset,
864 1433 915 1508 qui
933 1431 1001 1490 deos
1015 1430 1131 1500 faceret,
1149 1429 1263 1488 frustra

218 1557 248 1592 10
256 1529 443 1607 praesumitis
463 1529 533 1589 deos
552 1529 643 1589 factos
663 1529 820 1589 auferendo
841 1530 990 1589 factorem.
1032 1528 1119 1587 Certe
1140 1527 1261 1605 quidem

255 1627 281 1688 si
295 1627 354 1706 ipsi
367 1649 398 1687 se
410 1628 505 1688 facere
518 1628 691 1706 potuissent,
704 1649 864 1707 numquam
877 1628 1010 1687 homines
1023 1626 1157 1697 fuissent,
1169 1625 1260 1704 possi-

255 1725 357 1786 dentes
368 1727 448 1804 apud
455 1747 485 1786 se
497 1727 608 1787 scilicet
622 1728 751 1787 melioris
762 1726 939 1787 condicionis
954 1731 1139 1804 potestatem.
1160 1725 1260 1802 Igitur

255 1825 282 1884 si
296 1825 402 1905 estqui
415 1826 504 1886 iaciat
518 1828 595 1898 deos,
607 1832 740 1887 revertor
753 1825 790 1885 ad
803 1846 920 1885 caussas
934 1823 1142 1884 examinandas
1150 1824 1260 1883 facien·

255 1923 360 1983 dorum
371 1945 409 1984 ex
422 1923 588 1985 hominibus
601 1926 731 1996 deorum,
746 1946 799 1985 nec
819 1925 895 1984 ullas
909 1923 1038 1994 invenio,
1046 1923 1104 1982 nisi
1118 1921 1144 1981 si
1158 1922 1259 1983 minis·

217 2047 245 2099 15
255 2024 332 2083 teria
345 2028 376 2082 et
389 2023 501 2084 auxilia
514 2024 614 2084 officiis
629 2024 738 2084 divinis
753 2023 929 2083 desideravit
942 2022 993 2082 ille
1006 2041 1128 2098 magnus
1142 2022 1234 2082 Deus.

296 2121 394 2180 Primo
415 2122 570 2202 indignum
590 2128 643 2195 est,
665 2126 700 2182 ut
720 2122 844 2202 alicujus
865 2142 953 2199 opera
973 2120 1128 2198 indigeret,
1143 2128 1174 2179 et
1195 2121 1259 2199 qui-

256 2220 323 2279 dem
336 2221 454 2293 mortui,
469 2242 561 2299 quum
575 2221 693 2299 dignius
713 2222 751 2280 ab
771 2221 858 2281 initio
878 2222 964 2280 deum
985 2219 1115 2297 aliquem
1135 2219 1258 2293 fecisset,

259 2320 312 2395 qui
335 2319 446 2378 mortui
472 2323 537 2379 erat
564 2341 682 2397 operam
711 2320 938 2380 desideraturus.
990 2317 1048 2379 Sed
1072 2338 1125 2376 nec
1156 2339 1260 2396 operae
1365 2396 1366 2401 η

259 2419 357 2477 locum
369 2417 462 2477 video.
504 2418 612 2476 Totum
630 2419 709 2478 enim
728 2419 784 2478 boc
802 2418 906 2478 mundi
925 2438 1030 2497 corpus
1048 2419 1110 2477 sive
1123 2417 1259 2478 innatum
1365 2466 1366 2473 ,

219 2547 251 2581 20
259 2523 290 2577 et
309 2515 452 2574 infectum
475 2517 634 2576 secundum
661 2516 866 2594 Pythagoram,
891 2518 952 2577 sive
973 2523 1077 2578 natum
1095 2522 1126 2576 et
1149 2518 1259 2577 factum
1365 2550 1366 2603 4

259 2614 418 2673 secundum
452 2615 616 2690 Platonem,
646 2618 735 2677 semel
761 2617 865 2693 utique
892 2616 924 2675 in
955 2616 1013 2677 ista
1042 2617 1259 2677 constructione
1365 2606 1366 2609 ¹

258 2712 434 2790 dispositum
457 2723 488 2774 et
510 2715 689 2777 instructum
712 2721 743 2776 et
765 2715 935 2775 ordinatum
958 2736 1025 2774 cum
1052 2715 1146 2775 omnis
1171 2715 1259 2775 ratio·
1365 2794 1366 2799 ἵ

258 2811 305 2872 nis
334 2813 532 2890 gubernaculo
555 2813 710 2875 inventum
737 2819 791 2874 est.
832 2815 1043 2894 Imperfectum
1073 2834 1133 2872 non
1160 2814 1261 2890 potuit
1365 2824 1366 2901 j

294 3040 316 3075 a.
333 3029 372 3075 ut
383 3028 526 3084 quoniam.
559 3026 620 3076 I'his
629 3027 651 3076 is
659 3027 705 3076 the
713 3026 805 3076 second
813 3025 925 3076 heatben
933 3026 1006 3090 plea:
1023 3028 1031 3053 ‘
1042 3025 1120 3075 Ifour
1128 3025 1190 3089 gods
1198 3041 1261 3074 were

259 3116 327 3161 men,
344 3100 408 3164 they
422 3117 489 3150 were
506 3100 598 3150 deified
614 3101 682 3151 after
700 3101 769 3151 their
784 3099 863 3150 death
880 3101 932 3149 and
949 3116 993 3149 are
1011 3101 1093 3165 really
1108 3100 1171 3163 goda
1188 3097 1260 3150 now?

260 3171 404 3224 Tertullian
415 3175 525 3238 dispereo
537 3175 565 3224 ol
573 3175 625 3225 this
636 3176 672 3239 by
683 3175 798 3239 showing
809 3174 867 3224 that
883 3176 911 3224 in
927 3175 986 3224 that
996 3191 1054 3224 case
1066 3174 1140 3224 there
1150 3179 1221 3224 must
1230 3174 1260 3223 bc

261 3267 277 3299 a
287 3250 357 3299 Deus
367 3251 470 3300 deorum
478 3254 580 3313 greater
590 3249 655 3298 than
663 3249 735 3313 they,
747 3249 814 3297 Who
825 3248 876 3297 had
886 3265 972 3313 power
986 3254 1014 3298 to
1024 3249 1100 3298 make
1110 3249 1182 3298 them
1192 3249 1259 3312 gods

261 3325 324 3384 Yet,
336 3339 443 3380 evenso,
460 3340 493 3372 no
509 3339 599 3372 resson
616 3338 664 3372 can
681 3323 714 3372 be
730 3323 830 3386 alleged
846 3323 884 3372 ior
901 3323 963 3372 such
979 3324 1072 3382 action,
1083 3322 1168 3372 which
1178 3322 1260 3373 would

261 3398 343 3463 imply
355 3398 530 3461 impsrlection
541 3398 568 3447 in
580 3397 624 3447 the
635 3397 745 3462 original
756 3398 923 3448 constitution
932 3397 960 3446 of
968 3397 1013 3447 the
1023 3398 1150 3447 universe.

294 3487 318 3536 ιΓ
335 3477 529 3523 retractemus.
563 3471 609 3521 See
621 3475 690 3533 note,
703 3471 741 3520 ch.
755 3484 795 3535 ²5·

295 3559 319 3608 5.
337 3548 513 3602 mancipem:
531 3562 547 3594 a
558 3546 662 3611 solitary
672 3547 788 3596 instance
799 3545 827 3595 of
835 3560 955 3609 manceps
969 3543 998 3592 in
1013 3543 1059 3594 the
1069 3559 1142 3594 sense
1153 3542 1182 3593 ol
1190 3545 1199 3570 ‘
1206 3559 1258 3608 pre

262 3617 449 3684 prietor'2qui
465 3623 573 3683 proprie
587 3621 708 3682 possidet,
725 3621 815 3670 below.
848 3620 993 3670 Tertullian
1009 3619 1122 3684 employa
1136 3618 1183 3667 the
1193 3618 1259 3667 word

263 3695 292 3742 in
302 3691 347 3740 tha
358 3707 430 3740 sensa
441 3692 469 3740 of
477 3697 566 3741 auctor
577 3709 605 3741 or
616 3695 744 3757 magister,
756 3693 873 3756 despect.
886 3706 932 3753 103
949 3692 981 3740 de
991 3692 1053 3740 idol.
1067 3705 1090 3742 1.

301 3779 339 3829 19.
357 3768 487 3814 innatum
498 3771 527 3814 et
538 3768 686 3827 infectum,
696 3769 717 3817 t.
725 3783 744 3816 c.
757 3767 953 3833 spontaneomly
963 3766 1109 3829 generated.

300 3850 338 3900 ²³·
357 3840 558 3894 Imperfectum
576 3853 636 3888 non
651 3843 746 3896 potuit
764 3855 833 3889 esse.
866 3840 921 3890 'I'he
936 3841 1054 3889 universe
1067 3839 1133 3887 from
1149 3839 1184 3887 its
1199 3854 1259 3902 very
