2784 4242
435 658 438 662 ·
481 625 783 702 APPENDIX.

612 792 654 851 II.

309 970 414 1028 Pium
436 968 575 1030 Saeuum
595 970 782 1043 Errsruusn
805 988 835 1029 x.
858 975 905 1046 96,
921 986 968 1047 97.

541 1128 604 1189 (Ed.
621 1128 723 1189 Weiss.)

346 1282 381 1338 0.
396 1280 529 1337 Plinius
550 1279 693 1349 Traiano
713 1281 920 1350 imperatori.

170 1395 344 1455 sonorum
355 1400 399 1453 est
409 1392 490 1465 mihi,
502 1393 636 1467 Domine,
646 1393 752 1460 omnia,
763 1394 799 1453 de
811 1394 918 1471 quihus
929 1394 1040 1466 dubito,
1053 1395 1091 1454 ad
1102 1402 1133 1458 te

126 1488 248 1547 referre.
290 1487 364 1561 Quis
388 1488 466 1547 enim
487 1493 585 1565 potest
609 1488 714 1550 melius
735 1489 781 1547 vel
803 1488 1019 1550 cunctationem
1040 1509 1132 1550 meam

127 1602 233 1659 regere
243 1581 291 1639 vel
299 1581 498 1658 ignorantiam
512 1582 678 1642 instrueret
721 1582 944 1659 Cognitionibus
958 1583 994 1641 de
1005 1582 1133 1642 Christi·

128 1677 196 1736 anis
216 1675 340 1734 interfui
365 1697 534 1754 nunquam:
556 1676 622 1736 ideo
643 1677 749 1748 nescio,
772 1677 844 1754 quid
865 1683 895 1736 et
916 1682 1061 1754 quatenus
1082 1683 1133 1736 aut

127 1769 233 1849 puniri
254 1770 356 1843 soleat,
377 1777 430 1829 aut
452 1770 562 1847 quaeri.
604 1771 666 1834 Nec
691 1770 877 1834 mediocriter
898 1771 1030 1843 hesitari
1056 1771 1133 1831 sitne

128 1864 252 1942 aliquod
266 1863 420 1922 discrimen
434 1869 573 1938 aetatum,
594 1884 633 1923 an
654 1865 817 1943 quamlibet
838 1864 932 1925 teneri
954 1865 1028 1922 nihil
1050 1886 1068 1923 a
1088 1886 1133 1924 ro-

128 1957 315 2019 bustioribus
336 1958 490 2018 differant:
513 1959 636 2019 deturne
657 1959 855 2037 paenitentiae
869 1960 962 2031 venia,
979 1980 1015 2017 an
1030 1960 1065 2032 ei,
1082 1961 1134 2037 qui

129 2053 251 2113 omniuo
266 2051 453 2112 Christianus
469 2053 536 2126 fuit,
555 2054 673 2116 desiisse
694 2074 753 2112 non
773 2054 889 2134 prosit}
907 2073 1012 2112 nomen
1026 2055 1133 2131 ipsum,

129 2147 248 2207 etiamsi
260 2146 382 2223 flagitiis
400 2153 505 2219 careat,
520 2169 558 2207 an
578 2149 692 2225 flagitia
713 2149 897 2208 cohaerentia
917 2148 1027 2206 nomini
1047 2149 1133 2226 puni-

129 2247 232 2303 antur.
275 2241 400 2301 Interim
418 2243 451 2301 in
471 2243 517 2315 iis,
544 2243 596 2319 qui
616 2244 654 2303 ad
675 2263 721 2303 me
743 2250 884 2321 tanquam
905 2242 1068 2302 Christiani
1085 2244 1133 2302 de-

129 2336 310 2408 ferebantur,
325 2336 402 2395 hunc
417 2357 482 2396 sum
499 2343 616 2397 secutus
630 2338 756 2397 modum.
800 2337 988 2414 Interrogavi
995 2338 1082 2415 ipsos,
1095 2360 1133 2397 an

131 2436 231 2491 essent
250 2430 429 2491 Christiani:
452 2432 623 2492 confitentes
644 2433 752 2494 iterum
775 2453 808 2492 ac
830 2432 919 2492 tertio
944 2432 1132 2511 interrogavi,

130 2524 309 2602 supplicium
321 2526 466 2600 minatus;
488 2533 708 2604 perseverantes
727 2527 796 2586 duci
810 2527 893 2604 jussi.
935 2528 1038 2605 Neque
1055 2529 1133 2588 enim

132 2619 278 2692 dubitavi,
306 2622 506 2698 qualecunque
531 2628 616 2695 esset,
642 2623 720 2704 quod
741 2621 914 2694 faterentur,
942 2623 1134 2704 pervicaciam

131 2720 213 2774 certe
227 2719 258 2772 et
270 2714 461 2774 inflexibilem
481 2717 709 2776 obstinationem
728 2717 833 2776 debere
849 2717 957 2793 puniri.
1001 2717 1134 2780 Fuerunt

132 2808 186 2869 alii
196 2808 301 2868 similis
312 2811 464 2883 amentiae,
476 2831 557 2888 quos,
575 2811 645 2888 quia
658 2811 736 2871 cives
750 2811 873 2873 Romani
888 2816 979 2882 erant,
996 2811 1133 2870 adnotavi

131 2904 165 2961 in
174 2902 276 2985 urbem
284 2904 485 2964 remittendos.
508 2906 578 2964 Mox
591 2906 656 2984 ipso
666 2911 807 2980 tractatu,
815 2909 850 2964 ut
858 2905 923 2963 fieri
934 2906 1014 2976 solet,
1025 2904 1132 2963 diffun-

132 2999 222 3056 dente
236 3018 267 3057 se
284 2997 406 3058 crimine
427 2999 528 3076 plures
548 2987 658 3077 species
678 3000 854 3059 inciderunt.
898 2999 1068 3076 Propositus
1089 3005 1135 3058 est

133 3092 251 3151 libellus
275 3092 338 3151 sine
363 3098 489 3165 auctore,
511 3094 672 3153 multorum
689 3094 809 3152 nomina
829 3094 991 3167 continens,
1013 3095 1065 3169 qui
1085 3114 1134 3152 ne·

133 3193 239 3265 gerent
253 3206 283 3245 se
302 3206 363 3246 esse
384 3187 569 3247 Christianos
584 3193 636 3247 aut
650 3188 748 3248 fuisse.
781 3189 888 3262 Quum,
903 3195 1064 3266 praeeunte
1077 3208 1142 3261 me,

133 3283 202 3341 deos
220 3282 403 3359 appellarent
417 3287 447 3341 et
460 3281 582 3358 imagini
596 3287 673 3355 tuae,
689 3302 779 3360 quam
792 3287 912 3360 propter
924 3283 979 3342 hoo
989 3284 1134 3360 jusseram

133 3397 200 3439 cum
221 3376 385 3436 simulacris
406 3375 560 3434 numinum
581 3376 688 3449 afferri,
703 3382 770 3436 ture
790 3398 824 3436 ac
839 3377 908 3437 vino
925 3378 1132 3455 supplicarent,

132 3477 286 3549 praeterea
309 3470 516 3529 maledicerent
541 3472 658 3532 Christo
669 3493 678 3545 3
708 3491 832 3549 quorum
855 3472 931 3530 nihil
959 3472 1024 3549 cogi
1051 3492 1134 3550 posse

133 3566 275 3625 dicuntur
291 3566 343 3643 qui
357 3572 427 3624 sunt
440 3586 542 3626 revera
557 3566 729 3639 Christiani,
744 3587 797 3644 ego
811 3566 1001 3626 dimittendos
1020 3567 1133 3643 putavi.

132 3660 197 3718 Alii
212 3660 248 3719 ab
263 3660 360 3719 iudice
373 3660 525 3731 nominati,
540 3681 602 3720 esse
617 3682 648 3720 se
663 3660 845 3720 Christianos
857 3661 1005 3733 dixerunt,
1021 3666 1052 3719 et
1065 3681 1134 3718 mox

133 3760 333 3832 negaverunt3
355 3755 445 3814 fuisse
466 3756 592 3833 quidem,
609 3756 660 3815 sed
680 3755 806 3829 desiisse,
822 3755 941 3834 quidam
962 3760 1030 3814 ante
1044 3755 1133 3814 trien-

133 3850 224 3923 nium,
252 3849 373 3927 quidam
402 3855 471 3909 ante
495 3850 595 3928 plures
623 3870 723 3922 annos,
752 3871 810 3909 non
838 3870 923 3908 nemo
950 3849 1038 3910 etiam
1066 3854 1133 3907 ante
