2784 4242
259 242 302 319 48
536 238 738 307 Tertulliani
756 240 981 324 Apologeticus
1108 247 1265 313 [craxm.

259 412 332 475 certi
346 431 446 473 sumus
460 412 577 474 omnino
596 433 654 473 non
671 414 753 473 esset
793 412 881 488 Quod
900 432 959 471 non
979 414 1032 484 est,
1046 412 1126 471 nihil
1144 412 1183 472 ab
1203 411 1265 471 ullo

257 512 382 593 patitur,
397 512 468 591 quia
481 533 540 572 non
553 517 607 572 est.

636 795 775 858 CAPUT
795 796 884 856 XIII.

299 957 364 1016 san
378 955 461 1015 nobis
474 953 517 1015 dii
537 961 615 1027 sunt,
629 952 762 1033 inquitis.
802 954 844 1013 Et
857 954 1003 1031 quomodo
1016 975 1069 1015 vos
1083 977 1098 1015 e
1113 956 1261 1015 contrario

235 1055 343 1134 simpii
356 1060 387 1114 et
401 1053 532 1132 sacrilegi
549 1061 579 1114 et
597 1052 753 1130 irreligiosi
770 1073 842 1131 erga
856 1053 925 1112 deos
937 1061 1051 1114 vestros
1067 1054 1261 1132 deprehendi·

258 1154 341 1228 mini,
363 1154 415 1232 qni
443 1173 516 1230 quos
542 1152 728 1231 praesumitis
752 1172 820 1225 esse,
844 1151 1011 1229 negligatis,
1038 1173 1111 1230 quos
1139 1152 1259 1225 timetis,

257 1254 425 1327 destruatis,
450 1273 523 1331 quos
545 1251 632 1312 etiam
656 1251 822 1322 vindicatis,
844 1252 1000 1311 illudatisl
1041 1251 1259 1330 Recognoscite,
1368 1238 1369 1263 ³

258 1354 284 1413 si
308 1354 441 1414 mentiar.
482 1353 581 1411 Primo
608 1351 736 1429 quidem,
759 1371 826 1409 cum
850 1350 903 1410 alii
926 1350 999 1410 alios
1024 1351 1129 1422 colitis,
1153 1352 1258 1428 utique

259 1473 330 1530 quos
341 1473 399 1512 non
409 1451 512 1522 colitis,
525 1448 679 1509 offenditis.
714 1448 859 1508 Praelatio
873 1449 992 1508 alterius
1007 1449 1068 1508 sine
1082 1450 1259 1509 contumelia

220 1552 381 1612 walterius
404 1571 463 1610 non
487 1555 584 1629 potest
604 1548 767 1627 procedere,
788 1547 858 1625 qnia
878 1568 931 1607 nec
952 1548 1057 1607 electio
1078 1548 1141 1608 sine
1162 1570 1259 1627 repro·

257 1650 384 1712 batione.
425 1650 494 1709 Jam
511 1669 579 1726 ergo
594 1645 779 1707 contemnitis
793 1667 865 1723 quos
881 1647 1053 1726 reprobetis,
1067 1667 1140 1725 quos
1160 1669 1258 1727 reprc-

257 1749 353 1810 bandc
367 1748 511 1807 offendere
525 1767 584 1805 non
597 1744 720 1806 timetis.
760 1745 839 1805 Nam
858 1750 893 1805 ut
914 1767 1001 1824 supra
1022 1746 1255 1824 perstrinximus,

257 1852 351 1908 status
365 1845 413 1905 dei
427 1848 568 1924 cujusque
581 1845 612 1903 in
626 1848 745 1905 senatus
758 1844 960 1904 aestimatione
977 1844 1130 1923 pendebat
1177 1845 1258 1905 Deus

258 1967 316 2005 non
337 1950 411 2017 erat,
433 1965 518 2022 quem
540 1943 626 2002 homo
646 1943 799 2003 consultus
820 1943 961 2003 noluisset
982 1949 1012 2003 et
1032 1943 1156 2005 nolendo
1177 1945 1258 2003 dam·

219 2049 365 2120 x5nasset.
418 2041 602 2103 Domesticos
636 2043 715 2115 deos,
742 2061 816 2121 quos
849 2042 925 2101 lares
960 2042 1068 2115 dicitis,
1100 2042 1258 2102 domestica

257 2149 404 2221 potestate
423 2143 559 2202 tractatis
582 2141 772 2220 pignerando,
793 2141 983 2214 venditando,
1005 2141 1182 2201 demutando
1205 2143 1258 2203 ali·

257 2243 374 2320 quando
394 2241 427 2300 in
444 2241 613 2300 cacabulum
634 2239 670 2300 de
694 2241 830 2312 Saturno,
849 2240 1006 2318 aliquando
1026 2240 1058 2298 in
1079 2241 1202 2300 trullam
1221 2242 1257 2302 de

257 2339 400 2410 Minerva,
413 2345 448 2399 ut
468 2340 593 2418 quisque
614 2339 760 2398 contritus
780 2345 869 2416 atque
889 2345 1027 2399 contusus
1047 2345 1100 2412 est,
1115 2339 1186 2399 dum
1206 2340 1258 2399 diu

257 2439 373 2510 colitur,
387 2442 422 2498 ut
443 2438 566 2515 quisque
586 2437 720 2497 dominus
741 2438 912 2497 sanctiorem
933 2444 1070 2515 expertus
1089 2443 1134 2497 est
1148 2439 1257 2498 domes·

219 2538 348 2598 reticem
370 2536 580 2596 necessitatem.
621 2535 756 2595 Publicos
778 2555 868 2612 aeque
892 2536 1010 2614 publico
1031 2539 1100 2613 jure
1123 2536 1254 2607 foedatis,

257 2657 330 2716 quos
357 2636 390 2694 in
416 2634 546 2694 hastario
572 2634 731 2713 vectigales
758 2632 882 2693 habetis.
924 2634 973 2693 Sic
1001 2634 1191 2712 Capitolium,
1216 2636 1256 2694 sic

288 2847 312 2896 4
332 2834 389 2881 Sed
399 2832 484 2880 nobis
495 2830 537 2878 dii
548 2834 623 2880 sunt.
655 2829 799 2878 Tertullian
806 2844 918 2878 resumes
928 2828 969 2879 bis
977 2828 1163 2880 consideration
1174 2830 1203 2879 of
1210 2830 1255 2881 the

256 2907 312 2956 first
322 2905 435 2955 hesthen
445 2905 503 2968 plea
514 2904 584 2952 dealt
595 2903 660 2953 vaith
671 2902 748 2952 inab
761 2917 799 2951 10.

291 2994 330 3031 12.
347 2985 380 3029 ut
391 2993 477 3037 supra
487 2978 713 3036 perstrinximus.
747 2978 795 3028 ch.
807 2991 830 3041 5.

291 3065 330 3119 17.
347 3057 379 3103 111
395 3057 519 3113 trullam,
532 3053 604 3101 ‘into
620 3069 636 3101 a
651 3050 774 3115 firepan'
783 3068 790 3111 ;
807 3052 874 3115 Livy
883 3051 978 3102 mvii.
991 3064 1031 3102 11.
1046 3065 1083 3114 13,
1097 3068 1124 3101 so
1140 3069 1198 3103 uses
1210 3051 1254 3102 the

255 3130 325 3179 word
336 3146 342 3189 ;
358 3129 406 3178 but
416 3130 444 3177 in
454 3130 473 3178 J
475 3144 548 3177 uven.
561 3127 598 3178 iii.
613 3128 669 3188 108,
680 3127 793 3175 trulla·
800 3126 931 3185 trulleum,
944 3132 975 3173 ‘a
985 3125 1157 3176 meh-basin?

289 3215 328 3267 19.
345 3208 379 3252 ut
389 3205 509 3261 quinque
523 3202 664 3260 dominus,
676 3203 740 3249 eta:
756 3204 801 3249 ‘ss
812 3199 874 3248 each
885 3204 980 3249 muster
995 3200 1042 3250 has
1058 3200 1138 3249 found
1153 3200 1194 3248 his
1211 3200 1252 3249 do

253 3276 343 3326 mentio
354 3277 479 3340 necessity
489 3291 558 3325 more
569 3271 671 3324 secred'
683 3291 689 3332 ;
706 3274 725 3325 i.
735 3290 756 3324 e.
774 3274 881 3337 religion
891 3290 944 3323 vves
961 3275 1035 3323 made
1048 3280 1076 3324 to
1090 3276 1149 3338 give
1159 3291 1218 3339 vray
1228 3281 1253 3324 to

254 3352 376 3401 domestic
387 3350 499 3400 comfort.
533 3351 584 3399 For
594 3350 710 3399 domiuus
721 3349 782 3398 eod.
795 3348 869 3398 Fuld.
881 3349 955 3397 reads
966 3349 1046 3398 decem

289 3439 328 3475 21.
345 3426 478 3482 hastario,
499 3427 551 3472 ‘an
572 3420 851 3487 auction·catalogue';
873 3423 1018 3472 lactarium
1034 3437 1086 3471 was
1105 3421 1151 3472 the
1169 3421 1214 3470 list
1229 3423 1255 3471 of

254 3514 375 3551 revennae
388 3497 546 3561 (111011ςαί111)
559 3497 643 3547 which
656 3513 723 3546 were
739 3503 787 3561 put
803 3512 837 3560 up
853 3497 892 3546 for
908 3498 1011 3546 auction
1028 3512 1104 3562 every
1115 3496 1165 3545 five
1181 3512 1252 3561 years

253 3572 305 3620 and
316 3571 439 3622 tendered
450 3572 489 3620 for
500 3571 590 3637 hythe
601 3575 771 3626 contractam
787 3586 867 3634 comp.
880 3572 916 3619 ad
926 3570 990 3618 Nat.
1002 3571 1019 3619 i.
1034 3583 1072 3619 10.

330 3648 512 3702 Capitolium.
545 3645 599 3694 The
610 3645 738 3695 existence
754 3644 782 3694 oi
795 3662 812 3694 a
827 3645 929 3708 Capitol
945 3650 974 3693 at
990 3644 1117 3708 Carthago
1127 3643 1174 3693 has
1191 3645 1252 3693 been

253 3719 348 3783 proved
358 3720 393 3783 by
405 3718 450 3767 the
460 3719 592 3782 discovery
603 3719 632 3768 of
640 3735 673 3768 un
684 3719 834 3782 inscription
844 3719 928 3768 which
938 3719 961 3767 is
971 3719 1049 3781 given
1060 3719 1089 3767 in
1099 3719 1250 3778 Wilmanns,

255 3793 379 3855 Iaaoript
397 3791 487 3853 Afric.
499 3792 569 3848 Lat,
591 3793 618 3843 0.
631 3792 654 3840 Ι.
666 3792 696 3842 L.
715 3793 769 3841 viii.
789 3805 868 3853 10133
892 3809 933 3842 see
952 3798 994 3841 too
1011 3793 1065 3842 viii.
1084 3804 1158 3855 1141,
1181 3793 1249 3854 2388.

255 3866 341 3929 Oomp.
354 3865 473 3928 despect.
485 3867 508 3925 8,
520 3865 571 3914 and
581 3865 620 3914 for
631 3866 675 3914 the
685 3866 829 3930 Capitoline
839 3868 908 3916 tried
919 3867 948 3917 oi
955 3867 1086 3917 divinities
1094 3866 1250 3932 worshipped
