2784 4242
133 261 196 309 cie.
210 254 253 319 L.]
323 245 481 311 adversus
506 247 620 312 Gentes
633 258 696 330 pro
722 246 931 315 Christianis.
1071 263 1132 327 149

134 420 172 478 de
198 438 256 496 qua
279 417 435 496 iniquitate
460 417 599 479 saevitiae
620 440 679 478 non
702 421 789 479 modo
813 440 929 480 caecum
951 418 1004 478 hoc
1027 418 1134 494 vulgus

107 572 109 577 .
135 518 267 577 exsultat
276 523 306 577 ιι
315 518 448 589 insultat,
463 517 514 577 sed
524 517 828 595 etquidamvestrum,
840 518 949 595 quibus
958 516 1135 594 farorvulgi

134 615 172 674 dc
191 615 347 694 iniquitate
361 621 505 695 captatur,
521 617 693 694 gloriantur,
708 618 793 695 quasi
810 638 869 676 non
885 621 990 690 totum,
1005 616 1085 694 quod
1102 615 1135 673 in

135 735 190 775 nos
207 715 339 792 potestis,
353 721 486 784 nostrum
503 714 544 775 sit
563 715 727 776 arbitrium.
769 716 865 786 Certe,
880 715 906 775 si
923 715 1020 785 velim,
1036 714 1135 773 Chris·

134 815 237 873 tianus
251 834 334 874 sum:
356 820 428 874 tunc
441 834 511 892 ergo
524 835 570 873 me
584 814 745 888 damnabis,
756 815 782 874 si
795 815 929 873 damnari
941 813 1029 875 velim
1040 835 1048 887 3
1070 832 1159 884 cums

134 932 208 972 vero
234 912 313 989 quod
338 912 370 971 in
394 933 441 972 me
464 918 556 991 potes,
578 913 637 972 nisi
658 913 756 986 velim,
777 934 838 972 non
859 918 951 992 potes,
972 915 1034 989 jam
1056 931 1136 970 meae

134 1011 299 1070 voluntatis
319 1018 364 1071 est
385 1013 463 1098 quod
483 1017 574 1090 potes,
590 1033 647 1071 non
668 1018 736 1073 tuae
757 1013 919 1090 potestatis.
961 1012 1086 1071 Proinde
1107 1016 1138 1069 ct

134 1110 246 1187 wulgus
259 1130 332 1169 vane
348 1109 384 1169 de
399 1115 502 1170 nostra
514 1111 666 1170 vexatione
683 1112 810 1189 gaudet3
830 1111 952 1190 proinde
972 1110 1050 1170 enim
1070 1129 1137 1168 nos·

135 1214 220 1268 trum
233 1213 278 1267 cst
290 1209 439 1285 gaudium,
454 1209 532 1287 quod
545 1209 601 1269 sibi
614 1209 754 1283 vindicat,
770 1210 821 1288 qui
839 1210 983 1269 malumus
997 1207 1138 1279 damnari,

137 1327 230 1386 quam
250 1328 268 1366 a
289 1308 352 1367 Deo
373 1307 522 1369 excidere:
544 1313 653 1382 contra,
673 1308 718 1367 illi
739 1309 790 1387 qui
811 1329 864 1368 nos
884 1309 1018 1380 oderunt,
1032 1307 1138 1382 dolere,
1150 1337 1180 1375 ιο

137 1426 199 1465 non
213 1405 341 1483 gaudere
355 1406 507 1477 debebant,
522 1408 683 1468 consecutis
698 1409 781 1468 nobis
795 1408 872 1486 quod
886 1406 1034 1485 elegimus.
1044 1440 1096 1606 (Q

550 1657 684 1717 CAPUT
705 1658 738 1716 L.

183 1782 280 1852 Enoc,
305 1779 439 1859 inquitis,
460 1801 514 1841 cur
537 1781 695 1859 querimini
718 1783 797 1860 quod
820 1803 872 1844 vos
896 1782 1091 1859 insequamur,
1117 1781 1143 1840 si

139 1881 206 1959 pati
226 1880 326 1953 vultis,
349 1901 415 1940 cum
436 1879 557 1957 diligere
578 1880 707 1940 debeatis
729 1901 782 1958 per
805 1901 878 1959 quos
903 1880 1041 1959 patimini
1064 1881 1140 1957 quod

139 1977 254 2040 wultis‘l
296 1980 384 2038 Plane
398 1980 531 2039 volumus
551 1979 737 2057 petiveram
756 2000 789 2039 eo
805 2000 890 2052 more,
906 2000 964 2058 quo
983 1987 1013 2039 et
1032 1980 1183 2063 bellum15

140 2099 229 2138 nemo
243 2079 361 2155 quidem
382 2078 475 2137 libens
495 2078 617 2156 patitur,
631 2099 698 2138 cnm
715 2085 746 2137 et
765 2079 911 2156 trepidare
930 2084 961 2138 et
980 2077 1143 2155 periclitari

141 2178 184 2239 eit
202 2198 318 2237 necesse
326 2197 335 2250 ;
356 2182 454 2237 tamen
473 2183 504 2236 et
521 2178 682 2264 proeliatur
694 2177 830 2248 omnibus
843 2177 965 2250 viribus,
981 2183 1011 2237 ιι
1024 2173 1144 2244 vincens

142 2278 176 2363 in
190 2273 300 2354 proelio
314 2276 430 2362 gaudet,
446 2276 498 2354 qui
514 2277 551 2336 dc
569 2276 680 2355 proelio
694 2277 880 2354 querebatur,
895 2276 962 2354 quia
976 2282 1006 2335 et
1022 2276 1144 2354 gloriam

142 2358 333 2453 consequitur
352 2382 383 2435 et
404 2373 548 2454 praedam.
592 2376 739 2438 Proelium
762 2380 807 2435 est
828 2374 920 2454 nobis,
942 2376 1021 2453 quod
1039 2396 1144 2466 proro-

143 2494 245 2536 camur
271 2475 310 2533 ad
335 2474 505 2546 tribunalia,
530 2481 565 2534 ιιι
552 2474 654 2554 tillio
681 2473 737 2534 sub
761 2473 928 2533 discrimine
956 2474 1062 2556 capitis
1089 2494 1187 2552 pro20

99 2555 271 2656 Ίζιιιιιιιι
241 2580 444 2662 teertemus.
463 2570 620 2634 Victoria
640 2579 685 2632 est
706 2579 814 2648 autem,
829 2593 883 2658 pro
902 2593 959 2651 quo
977 2572 1145 2644 certaveris,

144 2674 286 2734 obtinere
328 2674 372 2734 Ea
391 2673 518 2733 victoria
538 2667 635 2748 habet,
657 2678 688 2732 et
712 2672 836 2749 gloriam
860 2671 997 2747 placendi
1021 2672 1092 2743 Deo,
1114 2677 1146 2730 et

182 2888 204 2925 ι.
221 2875 271 2922 sed
287 2877 316 2921 ιι
332 2874 449 2929 quidam
463 2874 598 2932 restrum,
611 2872 629 2920 ι’.
638 2886 658 2921 ι.
676 2870 704 2919 cf
718 2870 763 2919 the
779 2870 949 2934 magistrates,
960 2874 988 2918 to
1002 2868 1086 2917 whom
1100 2867 1145 2916 the
1191 2909 1193 2914 .

144 2947 263 3013 Apolcgy
278 2945 300 2995 is
316 2944 459 3003 addressed,
475 2945 527 2995 and
543 2945 600 2994 who
617 2960 660 2994 are
677 2944 801 3009 simdlarly
818 2942 1003 3007 distinguished
1019 2940 1084 2990 from
1100 2941 1145 2991 the

255 3020 294 3070 eh
307 3035 347 3084 ιι
360 3031 399 3084 st

143 3022 347 3160 Μζμιιιιιιι
314 3109 372 3144 non
383 3100 511 3144 totum..
521 3095 704 3142 arbitrium:
722 3090 797 3141 ‘asii
805 3091 849 3141 the
860 3091 941 3140 whole
952 3088 980 3139 of
988 3104 1052 3153 your
1062 3103 1146 3152 power

145 3174 248 3239 against
259 3187 289 3220 us
296 3186 363 3219 were
374 3175 420 3219 not
432 3169 574 3233 dependent
584 3183 617 3217 on
628 3185 675 3217 cnr
684 3183 742 3217 own
753 3166 822 3216 will?
846 3167 886 3214 ‘A
897 3181 957 3214 man
966 3165 1022 3214 who
1032 3164 1146 3213 ιιιοιιιιι

145 3267 161 3299 a
172 3243 319 3306 Christian,’
330 3244 474 3295 Ter-tullian
485 3242 569 3293 would
580 3258 634 3307 say,
649 3242 786 3307 ‘perfectly
796 3240 966 3290 undentands
980 3239 1025 3288 ihc
1038 3238 1146 3302 position

145 3325 175 3373 in
186 3321 268 3373 which
279 3321 312 3370 he
322 3321 407 3383 places
421 3317 526 3367 himself
537 3316 574 3382 by
584 3333 611 3366 so
622 3318 706 3405 doing.
741 3317 784 3365 He
801 3311 902 3365 chooses
918 3320 946 3364 to
961 3315 1032 3379 place
1045 3312 1149 3361 himself

146 3399 176 3448 in
186 3413 251 3462 your
261 3411 351 3460 power,
366 3393 491 3444 therefore
502 3408 567 3457 your
576 3408 661 3457 power
677 3393 700 3441 is
713 3390 818 3440 derived
829 3390 894 3439 from
904 3389 945 3439 his
956 3387 1027 3439 will!
1059 3389 1145 3452 Gomp.

146 3473 182 3523 ad
192 3470 268 3532 Scap.
282 3483 294 3517 1
308 3470 365 3518 init.

183 3560 221 3608 13.
238 3548 324 3604 Ergo,
336 3545 464 3602 inquitis,
477 3556 527 3591 cur
537 3500 697 3600 querimini.
731 3541 758 3588 A
768 3540 879 3589 heathen
889 3543 978 3597 retort,
989 3538 1068 3589 based
1079 3553 1147 3602 upon

146 3622 192 3671 the
204 3623 342 3669 statement
354 3617 382 3666 of
390 3616 435 3666 the
446 3613 595 3665 Christians’
607 3616 762 3679 willingness
776 3619 804 3663 to
815 3612 904 3663 suffer:
921 3612 1014 3676 ‘Why,
1025 3613 1097 3674 then,
1110 3611 1144 3672 do

146 3712 198 3762 you
209 3692 325 3759 grumble
336 3691 397 3756 (you
409 3691 475 3755 say)
487 3689 565 3739 if..

182 3783 220 3834 15
238 3771 346 3818 bellum
368 3780 451 3814 nemo
473 3768 595 3824 quidem.
638 3763 670 3813 So
692 3761 753 3813 con
773 3762 848 3813 Fuld
874 3763 925 3812 Oet.
950 3761 1046 3811 bellum
1067 3760 1147 3810 miles.

146 3847 231 3896 Nemo
241 3843 342 3907 qnippe,
353 3843 397 3890 cto.
