2784 4242
273 227 315 291 90
554 208 752 275 Tertulliani
771 209 995 292 Apologeticus
1093 218 1165 283 [cir.
1179 220 1274 270 xxw.

271 402 324 441 nos
343 380 552 459 mancipamur,
574 381 648 441 satis
675 380 782 441 idonea
809 387 855 441 est
876 381 915 441 ad
935 380 1138 459 depellendum
1162 380 1275 440 crimen

271 480 365 539 laesae
391 479 517 539 maxime
545 479 696 539 Romanae
727 471 887 558 religionis.
939 477 972 538 si
1003 478 1082 538 enim
1112 499 1173 537 non
1203 482 1277 538 sunt

271 578 314 636 dii
333 598 388 656 pro
408 584 496 649 certo,
513 598 566 637 nec
587 578 690 656 religio
711 598 765 655 pro
786 583 866 638 certo
887 584 948 650 est3
971 578 996 636 si
1016 577 1121 654 religio
1140 597 1201 636 non
1221 581 1275 650 eat,

272 677 340 754 quia
356 696 409 734 nec
430 676 473 735 dii
491 697 544 754 pro
563 681 652 749 certo,
672 697 725 735 neo
745 696 799 735 nos
820 696 874 754 pro
893 681 974 735 certo
994 676 1038 734 rei
1057 696 1159 735 sumus
1180 676 1277 735 laesae

248 773 428 851 5rcligionis.
475 774 551 834 Ate
565 775 713 835 contrario
726 775 758 833 in
771 795 823 834 vos
837 774 1024 851 exprobratio
1038 774 1206 846 resultabit,
1222 773 1275 852 qui

271 872 455 932 mendacium
475 875 611 945 colentes,
633 873 926 952 vercmsreligionem
947 874 1010 933 veri
1029 874 1086 932 Dei
1105 877 1166 932 'non
1188 874 1277 932 modo

272 971 453 1049 negligendo,
468 973 540 1050 quin
560 972 680 1051 insuper
699 974 903 1051 expugnando,
917 972 948 1031 in
965 992 1069 1032 verum
1089 972 1277 1031 committitis

272 1070 382 1130 crimen
395 1091 480 1130 verae
501 1071 739 1148 irreligiositatis.
781 1072 812 1130 N
814 1092 880 1144 uno,
902 1080 938 1130 ut
954 1071 1189 1158 constaretillos
1206 1072 1276 1130 deos

272 1187 341 1241 esse,
357 1189 452 1228 nonne
466 1169 624 1230 conceditis
638 1171 673 1230 de
690 1169 891 1229 aestimatione
906 1170 1052 1229 communi
1071 1170 1201 1247 aliquem
1214 1189 1276 1228 esse

234 1291 264 1326 10
273 1268 472 1330 sublimiorem
482 1275 512 1329 et
525 1270 721 1347 potentiorem
728 1270 811 1329 velut
823 1270 1111 1347 principemmundi,
1127 1270 1275 1346 perfectae

272 1368 421 1446 potentiae
448 1373 479 1428 et
505 1368 686 1446 majestatis?
728 1370 807 1427 Nem
831 1374 861 1427 et
885 1368 926 1428 sic
953 1368 1087 1447 plerique
1111 1368 1276 1446 disponunt

272 1466 466 1538 divinitatem,
489 1472 524 1525 ut
544 1466 702 1545 imperium
722 1487 852 1527 summae
873 1466 1081 1526 dominationis
1102 1486 1165 1525 esse
1186 1486 1275 1544 penes

272 1586 371 1637 unum,
397 1564 490 1624 officie
518 1567 580 1641 ejus
608 1584 696 1642 penes
723 1566 834 1625 multos
858 1564 970 1638 velint;
1001 1571 1037 1624 ut
1060 1564 1145 1624 Plato
1171 1565 1273 1624 Jovem

272 1684 409 1740 magnum
422 1662 454 1720 in
465 1663 543 1722 caelo
554 1663 726 1722 comitatum
737 1664 868 1723 exercitu
878 1663 1017 1722 describit
1028 1663 1149 1722 deorum
1163 1663 1274 1742 pariter

233 1782 263 1833 15
273 1769 303 1823 ct
316 1763 496 1822 daemonum.
539 1763 643 1839 Itaque
658 1770 792 1841 oportere
806 1768 837 1822 et
853 1767 1044 1841 procurantes
1060 1768 1091 1821 et
1111 1763 1274 1841 praefectos

273 1868 303 1920 et
316 1861 462 1938 praesides
475 1861 589 1937 pariter
602 1862 721 1939 suspici.
752 1862 794 1923 Et
804 1867 903 1921 tamen
917 1862 995 1939 quod
1008 1862 1122 1921 facinus
1132 1846 1272 1932 admittit,

168 1991 170 1994 v
273 1960 326 2037 qui
349 1960 442 2037 magis
463 1960 501 2018 ad
524 1959 678 2020 Caesarem
700 1951 924 2039 promerendum
944 1966 974 2019 et
999 1980 1118 2038 operam
1140 1965 1172 2020 et
1194 1980 1272 2038 spem

272 2078 352 2117 suem
366 2058 515 2129 transfert,
530 2079 583 2118 neo
603 2059 829 2137 appellationem
848 2055 900 2117 dei
917 2058 960 2117 ita
979 2064 1016 2117 ut
1036 2058 1224 2135 imperatoris
1242 2058 1272 2116 in

272 2155 331 2215 alio
352 2176 440 2233 quam
460 2132 593 2234 principe
617 2156 782 2230 confitetur,
804 2177 872 2215 cum
895 2156 1020 2233 capitale
1041 2176 1101 2216 esse
1123 2156 1272 2232 judicetur

234 2254 365 2313 realium
384 2259 500 2332 praeter
521 2255 674 2315 Gaesarem
694 2260 725 2314 et
747 2254 845 2315 dicere
869 2261 899 2314 et
922 2254 1043 2314 audiret
1086 2253 1174 2314 Colat
1198 2256 1272 2315 alius

274 2354 379 2425 Deum,
394 2352 469 2411 alius
482 2352 501 2410 J
503 2373 593 2425 ovem,
609 2353 684 2412 alius
702 2352 740 2412 ad
754 2353 866 2414 caelum
881 2352 1025 2430 supplices
1042 2373 1146 2412 manus
1159 2354 1269 2424 tendat,

274 2450 349 2509 alius
372 2450 410 2509 ad
431 2470 513 2509 aram
536 2451 629 2525 Fidei,
649 2452 735 2526 elius,
757 2452 782 2512 si
806 2452 861 2510 hoc
882 2450 1004 2528 putatis,
1025 2452 1118 2511 nubes
1141 2456 1271 2511 numeret

310 2587 332 2623 1.
350 2575 421 2621 eatis
437 2576 541 2624 idonea
561 2580 621 2623 eet:
648 2574 684 2623 ‘is
701 2574 772 2639 quite
788 2574 914 2624 sufficient
933 2578 960 2622 to
979 2573 1062 2622 refute
1080 2574 1126 2623 the
1142 2575 1232 2640 charge
1247 2574 1274 2624 ol

276 2647 363 2697 attach
374 2662 441 2709 upon
451 2647 564 2711 religion,
579 2647 630 2697 and
642 2649 777 2713 especially
787 2650 833 2698 the
844 2648 943 2697 Roman
954 2648 1078 2712 religion?

342 2724 380 2770 ad
398 2724 605 2778 depellendum.
647 2724 782 2785 Depellere
802 2723 824 2772 is
843 2739 859 2773 a
878 2722 1004 2772 technieal
1023 2723 1137 2787 military
1153 2725 1219 2772 term
1236 2724 1271 2772 for
1361 2777 1362 2786 ρ

277 2797 435 2859 ‘dislodging
445 2812 479 2844 an
489 2813 580 2862 enemy
590 2798 654 2847 from
666 2797 707 2847 his
718 2795 858 2862 position';
874 2814 954 2862 comp.
966 2798 1005 2847 ch.
1015 2812 1039 2860 9,
1052 2812 1091 2859 24,
1104 2807 1144 2861 37.

342 2874 451 2920 crimen
460 2873 553 2921 laesam
565 2906 571 2919 .
584 2906 591 2919 .
603 2908 610 2920 .
621 2874 779 2930 religionis.
802 2872 863 2921 This
874 2887 984 2921 answers
996 2877 1023 2921 to
1034 2872 1078 2920 the
1089 2874 1128 2920 rei
1138 2872 1270 2936 οοοηῖοριϊ,

276 2948 316 2997 ch.
331 2959 370 3006 10,
381 2960 422 2993 see
433 2951 507 3005 note;
525 2944 576 2994 and
587 2948 683 2995 crimea
698 2947 783 2996 laesae
796 2946 949 3008 diuinitatis,
960 2946 1012 2994 and
1028 2945 1135 3008 copiam
1148 2946 1271 3011 ιὀνοῑίρὸο-

276 3022 364 3071 citatis
372 3019 467 3069 below:
480 3023 602 3070 maxime
613 3021 741 3070 embraces
752 3020 813 3071 both
824 3021 869 3069 the
880 3021 983 3084 general
994 3019 1086 3084 charge
1097 3020 1126 3069 of
1135 3018 1271 3080 ‘atheism’

276 3095 328 3145 and
340 3093 385 3143 the
396 3095 488 3157 special
499 3095 598 3158 neglect
609 3094 638 3144 oi
644 3095 689 3144 the
701 3096 799 3144 Roman
809 3095 880 3158 gods.

311 3180 333 3233 7.
351 3173 383 3217 in
391 3183 491 3217 verum
503 3172 682 3218 committitis
692 3187 699 3218 ε
711 3172 719 3197 ‘
727 3171 828 3233 against
843 3169 888 3218 the
896 3169 963 3217 Ττοο
973 3164 1046 3217 One'
1073 3168 1109 3217 Or
1122 3183 1209 3218 omem
1217 3184 1273 3233 may

277 3243 309 3292 be
325 3244 473 3307 equivalent
490 3248 517 3292 to
531 3243 679 3292 vamtatem:
698 3242 813 3306 ‘against
826 3243 870 3292 the
885 3241 958 3291 truth
969 3258 1019 3306 you
1030 3242 1134 3291 commit
1144 3243 1190 3291 the
1200 3243 1272 3291 crima

277 3318 306 3367 of
313 3319 367 3366 real
378 3314 513 3381 sacrilege!
543 3317 580 3365 Ia
588 3316 671 3365 Deam
682 3317 734 3366 and
744 3319 773 3367 ia
784 3333 841 3367 cero
852 3333 895 3365 are
905 3332 958 3365 cor.
971 3316 1027 3365 lect.

311 3392 335 3441 8.
350 3398 384 3442 ut
399 3396 541 3442 constaret
557 3394 624 3441 illos
640 3395 709 3441 deos
726 3407 805 3442 esee:
822 3395 902 3441 ‘even
916 3390 1040 3454 although
1054 3391 1077 3439 it
1087 3406 1154 3440 were
1169 3391 1272 3455 grantm

277 3466 336 3516 that
346 3468 408 3531 they
418 3483 480 3515 were
490 3463 568 3530 goda’
1088 3474 1093 3484 ¹

313 3555 351 3603 13.
367 3547 401 3590 ut
416 3544 500 3589 Plato
515 3544 535 3590 J
536 3555 626 3590 ovem.
657 3539 766 3590 Placen
774 3539 836 3605 56,‹l
847 3538 893 3601 μὲν
906 3538 936 3602 δν)
948 3538 1025 3602 μέγας
1037 3536 1137 3601 ἡγεμὼν
1147 3538 1175 3588 ὲν
1185 3538 1271 3601 οὐρανῷ

278 3612 335 3662 Ζεὺς
345 3614 452 3663 ἐλαύνων
459 3611 552 3677 πτηνὸν
558 3612 621 3676 ἅρμα
631 3613 723 3678 πρῶτος
733 3613 857 3677 πορεύεται
869 3614 1006 3676 διακοσμῶν
1013 3612 1092 3663 πάντα
1101 3612 1146 3663 καὶ,
1153 3612 1272 3675 ἐπιμελού-

278 3702 357 3746 μενον
373 3688 409 3749 τῷ
421 3684 441 3734 δ’
454 3686 536 3736 ἕπεται
548 3686 651 3749 στρατιὰ
661 3688 722 3736 θεῶν
732 3704 760 3735 τε
772 3686 811 3736 καὶ
822 3687 950 3749 δαιμόνων.

316 3758 353 3809 16.
371 3763 493 3816 suspici:
510 3764 518 3789 ⁴
525 3760 615 3810 looked
626 3778 660 3826 up
671 3759 728 3823 to';
745 3778 786 3811 see
796 3768 864 3818 note,
876 3764 915 3812 ch.
926 3764 965 3813 18.

314 3847 352 3884 ρο.
370 3838 396 3883 ei
406 3840 459 3886 hoc
470 3840 587 3900 putatis,
595 3839 639 3888 ie.
649 3839 672 3887 if
677 3856 727 3904 you
735 3855 763 3889 so
770 3840 976 3891 misunderstand
983 3839 1138 3904 theposture
1146 3838 1175 3889 of
1180 3854 1270 3889 oncen-
