2784 4242
247 247 286 290 10
520 227 720 294 Tertulliani
739 228 963 312 Apologeticus
1127 238 1199 304 [cir.
1212 243 1250 291 11.

419 310 444 368 ²(

244 422 312 462 sura
346 364 559 461 sitimvenist
589 379 622 460 si¹
647 401 777 474 damnas,
802 420 859 468 eur
891 421 950 461 nou
983 406 1014 460 et
1043 398 1189 480 inquiris?
1219 401 1249 460 si

244 523 303 562 non
330 498 464 579 inquiris,
485 520 538 560 cur
561 520 621 559 uon
641 506 672 559 et
701 499 849 560 absolvis‘l
890 500 1069 560 Latronibus
1097 499 1248 577 vestigan-

244 600 290 659 dis
316 619 370 678 per
395 598 546 658 universas
573 597 739 676 provincias
765 598 903 659 militaris
928 599 1016 658 statio
1044 600 1186 672 sortitur3
1213 599 1248 657 in

245 718 310 758 reos
337 697 499 775 majestatis
520 705 551 759 et
577 697 711 777 publicos
733 698 831 758 hostes
853 697 948 758 omnis
976 698 1061 787 homo
1083 698 1166 759 miles
1190 703 1246 769 est,

221 797 283 868 5ad
304 796 404 870 socios,
424 797 463 856 ad
484 797 613 857 conscios
633 817 728 874 usque
748 796 903 874 inquisitio
923 790 1101 879 extenditur.
1143 794 1248 856 Solum

246 895 447 955 Christianum
467 894 579 974 inquiri
592 916 652 955 non
671 894 863 969 licet,0ffe1ri
883 895 962 967 licet,
977 895 1060 972 quasi
1073 893 1155 953 aliud
1169 901 1248 954 esset

245 999 348 1054 actura
362 993 522 1071 inquisitio,
533 1016 620 1074 quam
635 977 823 1054 oblationum.
846 993 1003 1053 Damnatis
1017 1004 1088 1070 ergo
1096 994 1229 1067 oblatum
1237 1014 1247 1077 ᾗ

245 1113 333 1172 quem
345 1110 430 1152 nemo
443 1093 537 1152 voluit
551 1071 809 1171 requisituffqui,
824 1099 905 1170 puto,
912 1092 974 1169 jam
987 1112 1045 1151 non
1059 1091 1124 1151 ideo
1137 1080 1248 1152 meruit

247 1213 376 1271 poenam,
383 1193 451 1270 quia
458 1213 564 1252 nocens
572 1199 625 1265 est,
632 1193 683 1251 sed
691 1193 831 1270 quianon
843 1190 1185 1270 requirendusinventut
1194 1196 1248 1250 est.

207 1313 238 1347 10
287 1288 393 1369 Itaque
407 1311 460 1350 nec
477 1292 510 1350 in
530 1291 582 1352 illo
596 1311 634 1351 ex
647 1292 741 1351 t'orma
760 1290 1137 1407 malornpqg'ndicandorum
1158 1289 1247 1367 agitis

246 1411 315 1468 erga
332 1411 393 1463 nos,
408 1393 486 1478 quod
501 1392 605 1452 ceteris
618 1390 793 1468 negantibus
811 1357 956 1449 iiiiibeus
970 1395 1115 1448 tormenta
1128 1390 1167 1448 ad
1180 1367 1247 1448 coii-

246 1485 397 1559 fitendum,
422 1486 492 1545 solis
517 1485 693 1546 Christianis
717 1486 756 1544 ad
778 1471 943 1563 negandum
955 1504 963 1557 ;
990 1484 1066 1557 cum,
1090 1483 1115 1543 si
1136 1485 1247 1543 malum

246 1589 330 1656 esset,
355 1605 408 1644 nos
430 1585 549 1661 quidem
570 1605 749 1662 negaremus,
771 1604 822 1643 vos
842 1603 910 1646 vero
937 1583 1070 1642 confiteri
1091 1583 1247 1643 tormentis

246 1682 465 1760 compelleretis.
506 1684 610 1760 Neque
631 1682 710 1743 enirn
730 1682 796 1742 ideo
820 1682 967 1759 putaretis
986 1702 1045 1740 non
1069 1682 1246 1758 requirenda

208 1805 237 1854 15
247 1781 466 1860 quaestionibus
479 1778 677 1859 scelera,quia
687 1780 761 1841 certi
773 1780 875 1840 essetis
888 1766 1008 1855 admitti
1022 1799 1056 1839 ea
1069 1798 1107 1838 ex
1120 1772 1247 1869 nominis

247 1878 432 1952 confessione,
450 1880 502 1958 qui
515 1880 602 1940 hodie
616 1880 652 1940 de
666 1881 795 1939 confesso
816 1878 969 1950 homicida,
985 1877 1110 1961 scientes
1127 1877 1246 1956 homici-

247 1978 330 2039 dium
357 1980 430 2055 quid
457 1979 504 2050 sit,
529 1962 720 2037 nihilomnius
743 1976 874 2051 ordinem
901 1976 1083 2070 extorqqetis
1106 1977 1245 2088 adm-'qm

247 2097 306 2155 quo
334 2076 507 2154 perversius,
529 2096 597 2136 cum
620 2075 813 2154 praesumatis
836 2075 872 2135 de
894 2074 1050 2135 sceleribus
1077 2082 1186 2135 nostris
1210 2097 1248 2134 ex

247 2172 373 2235 nominis
406 2170 584 2235 consessione
611 2170 717 2253 cogitis
743 2173 896 2234 tormentis
930 2175 966 2234 de
994 2172 1169 2234 confessione
1196 2174 1246 2233 de-

208 2292 239 2327 20
247 2275 357 2346 cedere,
384 2278 420 2333 ut
452 2278 594 2351 negantes
621 2293 727 2332 nomen
754 2272 869 2350 pariter
903 2272 1007 2349 utique
1041 2292 1180 2350 negemus
1216 2279 1247 2332 et

246 2372 423 2453 scelerade
444 2373 550 2450 quibus
571 2391 612 2431 ex
632 2371 812 2431 confessione
835 2369 960 2430 nominis
982 2371 1247 2450 praesumpseratis.

249 2470 315 2543 Sed,
341 2471 451 2548 opinor,
472 2491 532 2530 non
554 2469 646 2529 vultis
667 2490 721 2529 nos
743 2468 847 2548 perire,
862 2490 936 2546 quos
957 2471 1098 2546 pessimos
1119 2470 1246 2530 creditis.

249 2569 298 2629 sie
324 2569 403 2628 enim
427 2569 526 2628 soletis
550 2568 647 2644 dicere
668 2568 848 2648 homicidae:
882 2569 987 2646 Nega;
1012 2560 1120 2641 ¹laniari
1143 2569 1247 2657 jubere

247 2667 428 2744 sacrilegum,
446 2663 476 2736 'si
499 2666 630 2727 confiteri
651 2660 922 2746 perseveraverit,¹
948 2667 982 2727 Si
1009 2668 1138 2728 nonita
1160 2667 1248 2745 agitis

282 2838 305 2887 3.
323 2828 455 2874 sortitur:
483 2821 619 2889 passively,
642 2823 678 2874 ‘is
701 2822 838 2888 appointed
859 2823 895 2889 by
915 2819 971 2874 lot?
1003 2825 1106 2875 Sueton.
1131 2827 1184 2877 Oct.
1207 2840 1246 2888 3²,
1335 2836 1345 2879 ⁴.

151 2952 156 2959 ,
248 2903 258 2928 ⁴
263 2904 424 2965 grassatores,
439 2899 622 2964 dispositisper
633 2905 774 2964 opportuna
784 2899 839 2948 loca
849 2900 1010 2962 statiom'bus,
1021 2898 1150 2950 inhibuit?

282 2988 305 3038 5.
323 2977 480 3031 inquisitio.
514 2973 575 3022 This
592 2974 661 3023 word
677 2973 729 3022 and
745 2973 780 3022 its
796 2973 906 3023 kindred
921 2975 983 3023 verb
1000 2992 1043 3024 are
1059 2975 1122 3024 used
1138 2977 1166 3024 in
1181 2976 1248 3024 their

247 3049 375 3099 technical
386 3049 537 3113 legalsense
548 3047 576 3097 of
584 3049 703 3111 ‘secking
713 3048 752 3096 for
762 3047 837 3111 prooi
850 3049 878 3096 in
892 3054 996 3113 support
1008 3050 1035 3099 of
1043 3066 1077 3098 sn
1088 3050 1248 3101 accusation'

282 3123 305 3174 6.
323 3127 405 3181 quasi
416 3127 495 3174 aliud
507 3127 582 3173 esset
593 3127 689 3181 actura
702 3138 708 3171 :
728 3125 735 3149 ‘
741 3123 794 3186 just
805 3137 833 3170 as
847 3121 870 3170 ii
878 3121 923 3171 the
934 3126 1042 3188 enquiry
1052 3125 1104 3174 had
1115 3142 1166 3191 any
1176 3126 1248 3180 other

249 3199 393 3292 purposesin
403 3198 470 3247 view
481 3198 545 3246 than
556 3197 601 3247 the
615 3197 767 3261 productiori
778 3194 806 3244 of
819 3195 864 3244 the
875 3197 991 3248 criminai
1005 3198 1090 3248 before
1101 3200 1146 3250 the
1156 3201 1248 3265 magis·

248 3276 342 3324 trates!

283 3348 306 3396 8.
323 3350 383 3408 qui,
398 3352 475 3406 puto,
490 3348 548 3404 iam
563 3359 623 3395 non
639 3347 706 3395 ideo
721 3352 843 3399 meruit:
862 3353 894 3398 ‘a
910 3346 1006 3407 man,I
1021 3349 1082 3396 tais
1096 3348 1126 3407 it,
1137 3347 1195 3397 who
1205 3345 1249 3396 did

249 3427 295 3471 not
311 3428 339 3471 at
356 3423 412 3470 first
429 3421 532 3470 deservo
548 3419 712 3484 punishment
727 3422 833 3472 because
849 3420 883 3471 he'
899 3437 951 3472 was
966 3421 1059 3486 guilty,
1071 3422 1118 3470 but
1134 3423 1247 3481 becauoe,

249 3496 325 3561 being
336 3495 469 3545 forbidden
480 3499 507 3543 to
518 3495 550 3543 be
561 3494 652 3558 sought
663 3499 717 3555 out,
728 3496 761 3545 he
772 3513 824 3546 was
834 3493 929 3546 found?
1240 3508 1242 3511 ’

286 3583 323 3617 10.
340 3585 393 3619 nec
412 3572 445 3618 in
462 3572 514 3619 illo
532 3583 568 3618 ex
582 3571 689 3618 forma:
711 3571 826 3620 ‘neither
840 3571 867 3620 in
881 3571 933 3621 this
949 3570 982 3619 do
998 3585 1048 3635 you
1064 3569 1123 3618 deal
1139 3569 1203 3619 with
1220 3583 1249 3618 us

251 3643 384 3707 according
394 3647 422 3692 to
432 3659 495 3706 your
506 3658 597 3707 proper
607 3642 744 3706 procedure
754 3644 781 3693 in
792 3644 898 3710 judging
909 3642 1053 3694 criminals?

287 3730 325 3782 14.
343 3721 443 3775 Neque
455 3720 533 3765 enim
543 3720 608 3765 ideo
620 3721 768 3774 putaretis.
803 3720 874 3768 ‘Nor
884 3718 959 3768 could
969 3710 1019 3782 you
1030 3718 1138 3782 pretend
1148 3718 1206 3768 thet
1216 3730 1254 3767 an

251 3791 433 3854 investigatiou
448 3789 476 3838 of
489 3790 620 3840 Christian
633 3790 789 3861 criminality
799 3793 882 3856 might
895 3794 927 3842 be
943 3792 1077 3856 dispensed
1088 3792 1151 3841 with
1163 3808 1196 3842 on
1206 3791 1249 3840 the

252 3864 350 3930 greum
360 3864 418 3914 that
428 3864 473 3913 the
487 3855 563 3912 mere⁸
569 3858 707 3927 profession
718 3864 746 3914 oi
755 3866 925 3963 OhrisQity
936 3867 1021 3917 would
1031 3874 1108 3931 prote
1119 3867 1157 3935 it3
1174 3865 1213 3916 ior
1223 3871 1249 3915 to
