2784 4242
109 237 178 287 cm.
193 229 312 294 xxxu]
355 220 512 285 adversus
537 220 654 284 Gentes
669 228 732 302 pro
758 217 967 285 Christianis.
1056 235 1117 300 109

108 393 214 453 colere
226 391 276 452 vel
291 392 416 462 credere,
429 396 519 470 atque
540 391 584 451 ita
603 397 635 451 et
654 390 732 450 huno
753 390 850 449 Deum
869 360 974 461 dicere,
988 388 1037 448 cui
1055 388 1119 449 Deo

108 511 192 569 opus
211 495 265 551 est
308 489 417 550 Sinon
435 490 472 550 de
488 489 638 549 mendeno
659 489 804 549 erubescit
819 488 949 549 adulatio
967 486 1118 564 ejusmodi,

108 589 265 650 hominem
278 589 374 649 Deum
386 589 545 667 appellans,
560 589 663 648 timeat
677 589 779 662 saltem
792 588 828 647 de
842 587 978 648 infausto.
1026 586 1119 648 Male-

110 690 231 749 dictum
244 695 290 748 est
303 693 372 749 ante
384 688 556 766 apotheosin
570 689 666 747 Deum
680 687 833 747 Caesarem
847 686 1023 767 nuncupare.

480 863 616 924 CAPUT
636 863 761 924 XXXV.
1128 880 1143 930 5

158 991 348 1049 Paeanem
366 988 460 1066 igitur
475 987 588 1066 publici
606 988 705 1047 hostes
723 986 893 1061 Christiani,
908 988 978 1066 quia
996 988 1120 1068 impera·

112 1089 233 1149 toribus
260 1109 354 1166 neque
381 1108 473 1148 vanos
501 1107 596 1165 neque
622 1085 798 1145 mentientes
830 1106 925 1165 noque
951 1089 1120 1151 temerarios

113 1189 243 1248 honores
258 1188 366 1260 dicant,
377 1186 446 1264 quia
456 1206 541 1246 verae
555 1184 708 1263 religionis
721 1184 852 1245 homines
867 1186 957 1246 etiam
970 1188 1121 1247 sollemnia

114 1307 227 1359 eorum,
242 1286 421 1346 conscientia
438 1285 538 1362 potius
556 1305 645 1363 quam
664 1284 785 1345 lascivia
806 1285 961 1346 celebrant.
1002 1286 1122 1346 Grande

113 1385 257 1445 videlicet
270 1385 407 1457 officium,
421 1384 500 1443 focos
512 1390 543 1443 et
555 1389 635 1443 toros
649 1384 682 1442 in
695 1383 848 1461 publicum
860 1384 989 1456 educere,
1000 1385 1120 1445 vicatim
1131 1417 1163 1453 10

115 1484 242 1563 epulari,
264 1483 415 1543 civitatem
436 1483 575 1543 tabernae
595 1482 702 1541 habitu
725 1483 910 1555 abolefacere,
932 1484 1002 1543 vino
1023 1485 1121 1544 lutum

116 1602 232 1658 cogere,
245 1582 418 1642 catervatim
437 1582 582 1641 cursitare
602 1581 641 1640 ad
654 1580 789 1657 injurias,
804 1581 843 1640 ad
862 1581 1069 1658 impudentias,
1084 1584 1122 1643 ad

115 1681 251 1740 libidinis
274 1680 433 1740 illecebras.
476 1679 590 1740 Siccine
609 1679 788 1756 exprimitur
808 1680 962 1757 publicum
981 1682 1121 1758 gaudium

116 1800 174 1859 per
186 1778 312 1838 dedecus
330 1778 481 1856 publicum
493 1780 504 1837 t
546 1777 692 1837 Haeccine
706 1778 859 1837 sollemnes
873 1778 935 1837 dies
955 1780 1122 1857 principum

117 1880 233 1949 decent,
247 1897 322 1956 quae
335 1877 407 1935 alios
421 1876 483 1936 dies
497 1896 556 1935 non
576 1875 702 1935 decenti
744 1875 804 1950 Qui
817 1876 973 1937 observant
991 1878 1122 1956 discipli·
1133 1906 1162 1957 15

104 1996 190 2040 ,nam
211 1977 247 2035 de
268 1976 403 2035 Caesaris
423 1981 566 2052 respectu,
584 1975 617 2033 hi
638 1996 702 2035 eam
723 1982 845 2054 propter
866 1977 1020 2038 Caesarem
1042 1977 1122 2038 dese·

118 2080 196 2148 rent,
211 2074 397 2134 etmalorum
411 2094 526 2133 morum
544 2073 664 2134 licentia
676 2074 771 2152 pietas
787 2074 852 2148 erit,
866 2076 976 2136 occasio
989 2077 1122 2138 luxuriae

155 2230 178 2279 3.
196 2217 383 2266 Maledictum
398 2220 442 2265 ast
459 2221 524 2265 ante
541 2219 720 2273 apotheosin.
753 2217 841 2281 comp.
858 2218 939 2267 Tacit.
950 2218 1016 2268 Aca.
1028 2236 1070 2269 xv.
1084 2229 1122 2284 74,

118 2291 206 2341 where
216 2290 262 2340 the
273 2290 430 2354 assumption
447 2290 476 2339 of
489 2290 576 2339 divine
591 2290 702 2339 honours
718 2291 754 2355 by
764 2292 835 2341 Nero
847 2292 875 2340 in
891 2293 931 2341 bis
947 2294 1055 2343 lifetime
1070 2311 1123 2344 vvas

119 2363 245 2429 regarded
260 2363 296 2427 by
312 2378 381 2413 some
398 2380 426 2413 as
443 2381 477 2413 an
490 2381 564 2413 omen
580 2364 608 2413 of
619 2365 659 2413 his
675 2365 761 2414 death.
796 2366 900 2416 Sueten.
918 2367 976 2418 Jal.
993 2369 1061 2420 Ocea.
1075 2369 1123 2434 763

123 2440 210 2501 Caliy.
230 2451 276 2497 223
295 2437 369 2502 Veep.
389 2450 436 2499 233
458 2439 526 2490 Plin.
547 2439 676 2505 Paaeyya
698 2453 744 2500 113
769 2440 897 2505 spartian.
922 2442 991 2493 Geta
1012 2458 1035 2494 a.
1068 2445 1122 2493 Yet

120 2514 188 2563 after
198 2510 351 2561 Domitian’s
362 2513 447 2563 action
461 2513 507 2562 the
523 2514 636 2578 divinity
647 2512 676 2563 of
688 2514 733 2564 the
750 2515 833 2579 living
846 2532 970 2580 emperors
981 2534 1034 2567 vvas
1049 2535 1122 2583 regu·

120 2586 352 2651 larlyrecognized.

155 2663 179 2711 6.
196 2662 307 2719 publici
323 2665 435 2711 hostes:
452 2663 558 2711 because
569 2662 709 2727 disloyalty
719 2667 747 2712 to
761 2664 805 2713 the
821 2680 935 2729 emperor
945 2682 999 2716 vves
1014 2683 1030 2716 a
1045 2669 1122 2717 crime

122 2738 224 2801 against
234 2735 278 2784 the
290 2740 371 2795 state;
388 2752 431 2786 see
441 2743 510 2797 note,
523 2737 562 2787 ch.
575 2738 613 2786 28.

160 2823 200 2859 11.
217 2810 528 2871 abolefacere=abotere,
544 2813 588 2859 ‘to
603 2809 681 2859 efface
694 2811 740 2859 the
754 2810 808 2874 city
822 2811 903 2861 under
913 2812 958 2861 the
971 2813 1081 2878 disguise
1098 2813 1126 2863 of

122 2903 139 2935 a
158 2882 282 2936 tavern’:
308 2900 388 2948 comp.
405 2884 444 2933 oh.
461 2899 509 2947 4²3
526 2885 634 2933 Martial
650 2885 696 2933 vii.
712 2883 753 2945 60,
772 2886 865 2935 ‘Nunc
881 2886 964 2936 Roma
980 2893 1029 2948 est,
1043 2904 1124 2952 nuper

122 2974 217 3024 magna
230 2962 335 3010 taberna
351 2959 432 3020 fuit';
448 2959 529 3010 Tacit.
546 2960 617 3009 Aac.
633 2975 676 3009 xv.
688 2969 728 3022 37,
740 2961 861 3023 ‘publicis
877 2960 938 3010 locis
955 2967 1052 3012 struere
1065 2979 1122 3012 con·

122 3035 201 3095 vivia,
213 3039 318 3098 totaque
330 3034 392 3082 urbe
402 3033 474 3096 quasi
486 3033 560 3082 domo
572 3030 626 3082 uti'
663 3032 824 3097 Obolefccere
839 3036 861 3083 is
876 3034 921 3084 the
932 3035 1063 3098 ingenious
1075 3036 1123 3085 but

123 3125 292 3175 unnecessary
307 3109 452 3173 conjecture
469 3107 497 3156 of
510 3108 608 3157 several
625 3107 729 3157 editors.
762 3108 890 3157 Habitant
903 3109 1032 3159 denotare
1046 3112 1123 3160 isthe

122 3184 230 3248 reading
242 3184 271 3233 of
285 3184 345 3233 eod.
363 3183 439 3231 Fuld
481 3182 643 3247 abolefacere
659 3197 745 3231 recurs
761 3182 792 3230 de
809 3183 948 3247 colesea.
965 3184 982 3233 i.
996 3198 1019 3246 3,
1037 3184 1065 3233 of
1078 3185 1123 3236 the

124 3260 280 3311 destruction
291 3259 375 3308 attha
387 3260 494 3323 Deluge‚
507 3259 629 3322 ‘perinde
645 3259 731 3322 potuit
747 3258 915 3308 abolefactam
932 3275 985 3309 esse
1001 3261 1125 3311 violentia

123 3334 288 3399 cataclysmi
281 3350 309 3382 rn
320 3334 411 3397 spiritu
421 3349 508 3382 rursus
519 3331 673 3382 reformare!

190 3411 259 3458 vino
277 3411 372 3458 lutum
387 3422 495 3467 cogere,
517 3410 559 3456 ‘to
581 3408 657 3456 make
675 3406 737 3455 mud
755 3406 820 3455 vvith
840 3404 936 3457 wine’:
961 3423 1073 3471 copere=
1052 3369 1124 3458 =⁴to

126 3480 247 3539 thickera'
264 3498 350 3532 occurs
369 3483 447 3546 Verg.
469 3482 580 3545 Geor-p
573 3499 606 3532 rv
625 3480 665 3544 36,
683 3481 735 3529 and
750 3481 920 3546 frequently
911 3497 940 3530 m
955 3482 1000 3531 the
1016 3482 1124 3533 medical

125 3556 290 3624 phraseology
300 3556 328 3605 oi
336 3556 415 3620 Pliny
427 3556 478 3605 and
488 3556 584 3605 Celsus.

162 3646 200 3681 η.
217 3633 384 3680 catervatim
404 3633 550 3679 aursltare,
584 3630 671 3692 Oomp.
683 3629 723 3679 ch.
736 3642 776 3693 39,
791 3637 857 3678 ‘non
873 3630 901 3679 in
917 3635 1031 3681 catervas
1046 3631 1124 3681 oaesi-

126 3723 212 3767 onum,
231 3721 313 3769 neque
331 3705 360 3753 in
378 3704 470 3754 classes
488 3702 717 3764 discursationum,’
737 3707 799 3765 θέας
828 3705 846 3754 J
849 3706 942 3754 uvenal
960 3705 996 3758 iii.
1017 3706 1064 3768 278
1081 3706 1124 3767 ff.;

125 3783 196 3833 Suet
208 3780 277 3829 Nero
290 3780 338 3839 263
356 3778 417 3829 otto
430 3793 452 3829 2.

161 3869 199 3917 14.
217 3856 278 3904 dies
289 3856 451 3912 principum
461 3856 572 3904 decent.
606 3852 670 3903 Hor.
678 3851 763 3917 Epist.
773 3852 789 3902 i.
802 3867 825 3917 5.
837 3868 862 3919 9.
