2784 4242
129 238 199 288 cis.
211 234 316 298 xx1V.]
359 225 516 290 adversus
541 223 659 291 Gentes
673 236 738 308 pro
762 223 974 291 Christianis.
1093 221 1133 304 89

127 398 346 457 memoratione
358 417 467 471 eorum,
482 403 557 475 quae
571 397 627 457 sibi
640 418 659 457 a
672 398 736 457 Deo
752 417 806 476 per
823 397 969 457 arbitrum
983 393 1136 456 Christum

126 496 320 555 imminentia
331 500 509 574 exspectent.
547 495 699 556 Christum
711 497 848 556 timentes
861 496 893 555 in
907 496 979 567 Deo,
994 500 1025 554 et
1038 494 1136 553 Deum

106 649 110 663 ,
127 595 170 653 in
183 594 311 667 Christo,
326 594 531 671 subjiciuntur
543 594 635 667 servis
655 594 715 655 Dei
734 601 766 655 et
788 595 908 655 Christi.
949 595 999 655 Ita
1012 594 1048 653 de
1067 612 1135 653 eon·

126 697 221 753 tactu
234 693 328 771 deque
341 694 441 753 efflatu
454 700 554 753 nostro
567 694 813 772 contemplatione
826 700 857 753 et
870 691 1134 771 repraesentatione

127 790 215 869 ignis
235 791 316 851 illius
337 792 473 870 correpti,
488 792 577 852 etiam
590 792 626 851 de
640 792 810 870 corporibus
828 801 928 852 nostro
947 790 1071 870 imperio
1084 810 1157 868 err-5

127 890 244 948 redunt
263 889 352 949 inviti
365 898 397 948 et
410 890 550 963 dolentes,
564 897 595 949 et
604 890 692 949 uobis
711 890 912 968 praesentibus
926 891 1135 949 eruhesoentes.

129 988 257 1048 Credite
277 988 346 1061 iilis,
362 1009 430 1047 eum
446 1009 549 1048 verum
562 989 598 1048 de
618 1009 649 1047 se
669 989 840 1066 loquuntur,
855 989 907 1066 qui
928 986 1137 1047 mentientibus

127 1059 273 1172 creditisi
303 1088 398 1147 Nemo
419 1087 457 1146 ed
477 1108 566 1147 suum
583 1086 708 1147 dedecus
727 1088 878 1158 mentitur,
893 1089 966 1165 quin
985 1086 1085 1164 potius
1098 1085 1136 1145 ad

128 1187 282 1250 honorem.
323 1186 421 1263 Magis
442 1186 514 1246 fides
537 1205 629 1263 prona
649 1191 694 1246 est
713 1186 853 1246 adversus
873 1186 1045 1264 'semetipsos
1067 1204 1136 1245 eon·

128 1284 263 1357 fitentes,
279 1304 367 1362 quem
384 1305 438 1363 pro
452 1285 615 1362 semetipsis
628 1291 775 1361 negantes.
805 1283 900 1344 'Haeo
914 1284 1040 1361 denique
1052 1283 1178 1343 testi-10

128 1382 235 1442 monia
259 1383 379 1443 deornm
398 1389 565 1443 vestrorum
587 1382 772 1443 Christianos
795 1384 891 1443 faeere
915 1391 1136 1453 consueverunt,
1174 1418 1178 1426 ·

128 1481 206 1558 quie
219 1481 379 1559 plurimum
393 1481 453 1540 iliis
469 1482 614 1542 eredendo
627 1481 746 1541 Christo
759 1481 876 1541 domino
890 1481 1043 1541 eredimus.
1074 1480 1136 1559 Ipsi

129 1580 304 1639 litterarum
331 1585 498 1640 nostrarum
525 1580 613 1639 fidem
639 1580 811 1651 eeeendunt,
838 1580 896 1658 ipsi
925 1580 986 1659 spei
1020 1585 1136 1639 nostrae

128 1678 283 1738 fidentiam
305 1678 468 1754 aedificant.
510 1678 553 1737 At
574 1677 669 1738 colitis
690 1677 765 1751 illos,
779 1679 857 1756 quod
878 1678 975 1748 seiam,
990 1677 1079 1737 etiem
1099 1678 1136 1736 de

130 1775 275 1854 sanguine
289 1777 533 1839 Christianorum.
575 1778 699 1836 Nollent
711 1776 810 1854 itaque
823 1796 875 1836 vos
889 1783 949 1836 tam
962 1777 1176 1846 fructuosoe,15

129 1882 198 1936 tem
218 1876 355 1936 officiosos
376 1875 433 1934 eibi
446 1875 589 1948 amittere,
604 1875 650 1935 rel
664 1896 702 1934 ne
717 1874 830 1935 evehis
848 1874 1022 1952 quandoque
1036 1874 1135 1934 (ihrisu

130 1975 225 2034 tianis
237 1974 386 2050 fugentur,
395 1973 421 2033 si
434 1973 493 2032 illis
507 1975 562 2034 sub
574 1973 751 2047 Christiano,
761 1974 874 2034 volente
885 1973 968 2033 vobis
980 1972 1136 2034 veritatem

129 2074 268 2152 probare,
283 2072 404 2133 mentiri
418 2073 528 2133 liceret.

504 2332 640 2395 CAPUT
661 2335 771 2395 XXIV.

178 2501 280 2562 Ome
304 2500 362 2561 ista
383 2498 524 2560 confessio
546 2500 673 2574 iliorum,
695 2522 754 2580 que
779 2523 808 2562 se
836 2502 906 2563 deos
932 2506 1041 2581 negant
1065 2522 1135 2577 esse,
1149 2527 1179 2561 20

131 2621 252 2682 quaque
278 2621 338 2660 non
368 2599 459 2659 alium
486 2600 583 2659 Deum
614 2601 791 2678 respondent
818 2608 937 2679 praeter
957 2603 1066 2673 Unum,
1088 2603 1136 2662 eui

169 2808 193 2856 3.
211 2797 258 2843 Ite
269 2798 304 2843 de
315 2798 449 2844 oontaotu
463 2795 554 2849 deque
566 2794 669 2844 afflatu
703 2792 838 2859 Referring
852 2798 880 2844 to
893 2795 939 2844 the
952 2796 1032 2845 rituel
1043 2801 1097 2846 eota
1108 2798 1137 2844 in

130 2870 182 2920 the
192 2884 324 2933 ceremony
335 2869 363 2918 of
371 2868 510 2918 exorcism:
527 2882 606 2929 eomp.
618 2868 663 2917 the
673 2864 758 2917 Greek
771 2869 820 2922 rite
833 2870 979 2919 mentioned
990 2871 1018 2918 in
1029 2870 1074 2919 the
1085 2872 1135 2933 (so

127 2943 229 3005 called)
243 2943 349 2992 eeventh
365 2958 446 2991 eanon
463 2940 492 2989 of
503 2941 713 3005 Oomtentinople
724 2943 800 3005 (with
811 2941 922 3007 Bright's
937 2948 1016 3006 notes,
1027 2960 1052 3008 p.
1063 2944 1133 3008 187);

130 3018 189 3069 and
199 3033 242 3066 see
252 3018 389 3066 Exoaersu
399 3018 427 3065 in
438 3015 510 3064 Dur.
522 3012 583 3064 etr.
594 3015 658 3065 Aet.
714 3006 728 3073 f

167 3109 194 3157 4.
219 3095 480 3150 repraesentatione
508 3092 585 3147 ignis
612 3093 693 3140 illius
720 3094 852 3149 eorrepti.
890 3093 945 3141 The
967 3092 1089 3142 formulae
1112 3093 1141 3142 of

130 3166 257 3217 exoreism
282 3163 566 3230 generallyoontained
585 3178 602 3212 a
617 3164 743 3215 referenoe
763 3172 791 3215 to
809 3166 854 3216 the
871 3166 957 3215 future
973 3166 1137 3230 punishment
1212 3165 1219 3182 ⁴

130 3242 164 3293 of
177 3241 222 3290 the
233 3241 283 3290 evil
298 3242 393 3304 spirits.
426 3240 478 3289 For
487 3238 533 3286 the
546 3239 616 3300 ignis
631 3239 678 3288 ille
690 3255 732 3289 see
742 3240 767 3291 S.
780 3241 859 3290 Mett.
870 3256 928 3290 xxv.
939 3254 982 3303 41,
991 3242 998 3266 ‘
1007 3240 1138 3290 Diseedite

129 3334 149 3366 a
170 3315 216 3363 Me
232 3314 362 3364 maledieti
376 3315 404 3364 in
418 3314 504 3378 iguem
519 3316 660 3375 aeternum,
671 3315 716 3378 qui
726 3322 830 3379 paratus
841 3319 880 3364 est
891 3314 992 3364 diabolo
1003 3320 1029 3365 et
1039 3315 1137 3378 angelis

130 3390 206 3445 e‘us.'

146 3412 192 3531 J9.
209 3469 302 3525 Magn
313 3470 385 3516 fides
395 3482 486 3524 prone
497 3470 540 3514 eet
555 3468 690 3517 edversus
702 3503 709 3517 .
723 3503 730 3515 .
743 3504 749 3516 .
760 3473 904 3525 negantes.
937 3465 991 3516 The
1011 3471 1136 3518 ooustruo·

130 3543 191 3594 tion
206 3543 229 3592 ia
242 3557 307 3606 very
320 3541 398 3590 harah
413 3541 437 3591 if
453 3541 499 3591 the
514 3547 571 3591 text
586 3543 618 3590 be
633 3546 737 3591 oorreet.
770 3540 845 3590 Some
861 3541 917 3590 edri
931 3541 992 3589 read
1008 3541 1037 3590 in
1053 3540 1137 3591 before

130 3617 262 3669 adversas.
299 3616 441 3665 Woodham
457 3616 627 3667 understends
643 3616 763 3666 adeam
779 3630 808 3665 aa
818 3636 841 3656 ι
852 3631 921 3679 erga,
936 3615 988 3663 end
1002 3616 1048 3665 the
1063 3632 1136 3680 ergu-

131 3696 207 3742 ment
218 3696 247 3741 to
256 3693 289 3741 be
301 3690 396 3740 ‘eredit
407 3689 429 3738 is
440 3705 509 3738 more
520 3689 601 3754 easily
612 3690 689 3754 given
703 3698 731 3738 to
742 3689 815 3739 those
825 3690 883 3738 who
897 3689 992 3739 confess
1006 3689 1065 3741 that
1075 3691 1138 3755 they

131 3783 179 3817 are
189 3767 240 3817 bad
250 3766 316 3816 than
327 3770 355 3814 to
365 3764 439 3814 those
448 3764 506 3813 who
519 3764 588 3829 deny
598 3763 635 3814 it.’
669 3764 739 3813 ‘Yet
752 3780 801 3829 pro
815 3766 952 3829 semetipsis
967 3780 1046 3814 seems
1062 3769 1090 3816 to
1105 3766 1138 3814 be

133 3847 222 3893 meant
231 3846 260 3892 to
271 3855 372 3892 ansuer
382 3840 505 3889 adverae
514 3836 673 3905 eerrtetr'psos.¹

792 3925 1100 4048 ᾠδῇ-θέων

769 4045 782 4068 2¹
928 4032 958 4066 OF
965 4030 1011 4066 Ter:

762 4073 1164 4172 {UNIVERSITYJ

775 4179 797 4210 N
866 4199 882 4211 ,Δ
935 4173 967 4207 ΟΡ
1029 4197 1050 4209 ⁷.
1124 4165 1151 4208 [Ι
