2784 4242
256 236 296 299 28
520 230 721 303 Tertulliani
740 237 965 321 Apologeticus
1121 240 1252 310 [cmvii.
1308 196 1314 205 '

253 404 359 478 dimur,
369 405 401 464 in
414 403 485 484 ipsis
498 403 659 484 plurimum
673 406 804 467 coetibus
814 411 846 466 et
858 401 1132 483 congregationibus
1145 402 1253 463 nostris

253 504 453 582 opprimimur.
495 504 569 581 Quis
590 525 721 583 nuquem
742 504 844 566 taliter
864 503 996 584 vagienti
1019 502 1128 563 infami
1152 521 1253 581 snper-

252 603 354 662 venitl
396 603 471 678 Quis
490 609 619 677 cruenta,
641 610 677 665 ut
699 604 861 677 invenerat,
883 602 1045 681 Cyclopum
1065 608 1096 663 et
1118 601 1253 662 Sirenum

253 719 304 759 ora
314 700 407 778 judici
420 702 582 763 reseravitl
621 702 698 778 Quis
711 703 758 763 vel
775 703 807 762 in
824 702 967 763 uxoribus
984 701 1083 780 eliqua
1102 699 1254 759 immunde

226 798 378 877 svestigia
397 800 609 879 deprehenditl
649 801 724 877 Quis
747 802 821 862 talin
840 800 977 873 iocinore,
998 820 1066 860 cnm
1083 798 1253 869 invenisset,

252 896 367 971 celarit,
395 904 449 960 aut
475 899 610 960 vendidit
635 897 716 978 ipsos
742 900 862 960 trahens
888 898 1027 959 homines.
1078 898 1112 959 si
1141 915 1256 975 semper

251 994 386 1070 latemus,
409 998 526 1076 quaudo
549 998 701 1076 proditum
724 999 872 1077 estquod
898 996 1103 1059 admittimust
1144 995 1213 1055 Imo
1235 1015 1254 1053 a

252 1093 358 1170 quibus
378 1095 462 1174 prodi
480 1097 601 1174 potuitl
642 1097 691 1157 Ab
711 1096 783 1177 ipsis
803 1098 882 1157 enim
902 1097 960 1156 reis
981 1117 1040 1155 uon
1060 1094 1172 1173 utique,
1187 1112 1255 1152 cum

251 1193 300 1252 vel
325 1212 363 1254 ex
389 1195 483 1254 forma
510 1194 646 1255 omnibus
677 1195 826 1273 mysteriis
856 1195 969 1256 silentii
998 1192 1070 1254 fides
1104 1192 1254 1253 debeatur.

212 1307 243 1342 10
253 1286 456 1354 Samothracia
479 1299 510 1354 et
534 1292 685 1355 Eleusinia
707 1292 891 1355 reticentur:
921 1298 1032 1371 quanto
1052 1290 1149 1370 magis
1171 1289 1254 1363 talis,

252 1409 327 1465 quae
353 1391 473 1469 prodita
507 1388 627 1452 iuterim
656 1391 747 1453 etism
780 1391 939 1452 humanam
972 1389 1275 1450 {animadversionemv

251 1490 458 1565 provocabunt,
474 1491 545 1550 dum
565 1491 665 1550 divina
686 1493 843 1552 servaturi
883 1489 917 1550 si
937 1510 1008 1568 ergo
1028 1510 1086 1549 non
1105 1486 1166 1566 ipsi
1185 1507 1254 1565 pro⁴
1321 1548 1329 1564 ,

251 1581 361 1647 ditores
375 1587 431 1662 sni,
445 1589 579 1665 sequitur
592 1595 627 1649 ut
641 1588 785 1650 extranei.
819 1588 860 1649 Et
873 1588 952 1648 nude
965 1585 1112 1648 extraneis
1126 1585 1253 1646 notitial

251 1705 317 1745 cum
337 1707 451 1766 semper
470 1688 558 1747 etiam
578 1687 644 1765 piae
664 1686 847 1748 initiationes
867 1691 986 1747 arceant
1006 1687 1144 1764 profanos
1165 1691 1196 1744 et
1215 1683 1252 1743 ab

212 1812 240 1862 15
251 1784 371 1846 arbitris
384 1792 515 1857 caveant,
529 1785 586 1845 nisi
601 1786 627 1845 si
641 1785 728 1864 impii
736 1785 839 1846 minus
855 1787 1012 1846 metuuntl
1033 1790 1140 1844 natura
1158 1783 1252 1842 famae

251 1884 385 1944 omnibus
398 1889 469 1945 note
483 1888 536 1944 est.
575 1884 714 1945 Vestrum
727 1890 791 1945 est:

420 2025 500 2075 Fama
515 2022 619 2088 malum
637 2040 687 2090 qno
704 2038 757 2075 nou
773 2024 844 2075 eliud
860 2022 970 2075 uelocius
986 2024 1077 2074 ullum.

250 2154 313 2214 Cur
330 2155 440 2215 melum
459 2154 558 2215 semet
578 2152 648 2233 quia
661 2156 768 2214 veloxl
789 2154 859 2233 quic
879 2153 989 2215 iudex'l
1009 2175 1048 2213 an
1069 2149 1140 2230 qnia
1159 2148 1253 2232 pluri-

249 2272 330 2311 mum
342 2254 490 2312 mendoxt
510 2273 585 2330 quae
599 2275 635 2313 ne
650 2259 721 2314 tunc
735 2253 861 2330 quidem,
873 2273 940 2313 cum
953 2248 1069 2330 aliquid
1081 2251 1145 2312 veri
1158 2252 1252 2327 affert,

211 2350 312 2416 sosine
336 2352 481 2411 mendacii
502 2352 577 2413 vitio
598 2358 652 2426 est,
674 2350 842 2424 detrahens,
866 2350 1015 2429 adjiciens,
1037 2350 1192 2410 demutans
1216 2352 1253 2410 de

248 2449 382 2510 veritate.
426 2450 525 2526 Quidl
546 2451 625 2528 quod
645 2470 680 2511 ee
701 2450 746 2509 illi
766 2450 898 2510 conditio
917 2455 971 2522 est,
985 2454 1021 2509 ut
1039 2469 1099 2508 non
1114 2448 1173 2508 nisi
1186 2469 1253 2510 eum

249 2548 393 2607 mentitur
413 2553 588 2626 perseveret,
604 2553 635 2609 et
654 2547 769 2608 tamdiu
789 2548 874 2621 vivit,
894 2544 1036 2625 quamdiu
1057 2566 1117 2606 uon
1137 2548 1252 2626 probet.

250 2646 401 2722 Siquidem
414 2646 466 2706 ubi
482 2645 628 2725 probavit,
642 2653 737 2708 cessat
751 2666 821 2720 esse,
835 2651 866 2706 et
879 2646 964 2726 qussi
979 2643 1081 2718 officio,
1096 2645 1255 2706 nuntiandi

248 2744 360 2816 functa,
384 2765 447 2805 rem
470 2745 572 2817 tradit,
595 2749 626 2804 et
650 2742 756 2805 exinde
783 2765 830 2804 res
853 2748 979 2815 tenetur,
1004 2764 1051 2804 res
1075 2743 1252 2804 nominetur.

210 2858 239 2908 ²5
248 2844 311 2903 Nec
325 2842 480 2922 quisquem
493 2842 573 2916 dicit,
587 2843 671 2903 verbi
684 2842 798 2922 gretia:
819 2843 884 2903 Hoc
898 2844 1006 2902 Bootae
1019 2845 1107 2902 cimct
1115 2844 1231 2921 factum
1237 2860 1252 2908 ‚⁴

248 2948 318 3004 aut:
342 2943 438 3002 Fame
451 2953 490 3003 eet
504 2944 590 3002 illene
598 2943 786 3022 procinctam
801 2944 954 3008 eortitnm5
976 2941 1043 3002 sed:
1064 2942 1192 3002 Sortitus
1205 2942 1254 3000 stt

282 3123 305 3173 5.
326 3112 400 3167 Quis
410 3112 482 3159 talia
495 3110 638 3163 facinora:
656 3109 664 3135 ‘
673 3108 731 3158 who
747 3125 807 3158 ever
823 3108 880 3159 first
896 3108 1043 3158 discovered
1058 3108 1111 3157 aud
1120 3108 1185 3157 theu
1195 3123 1254 3157 con·

248 3184 335 3234 cealed
352 3184 413 3233 such
430 3184 526 3244 crimes,
543 3199 571 3233 or
588 3182 644 3232 sold
660 3182 700 3232 his
717 3182 883 3232 informatiou
898 3183 962 3232 with
978 3183 1024 3231 the
1036 3199 1098 3247 vary
1108 3181 1215 3246 cnlprits
1226 3182 1254 3231 in

247 3259 288 3307 his
298 3256 388 3322 grasp’
395 3260 403 3309 l
436 3258 523 3322 (lomp.
540 3259 576 3307 od
585 3255 663 3322 Scap.
676 3270 708 3317 23
724 3257 776 3307 and
786 3256 826 3307 lor
836 3257 882 3307 the
897 3258 1040 3322 expression
1056 3256 1160 3307 cratem
1174 3259 1254 3319 uror,

246 3334 313 3382 Acts
323 3333 377 3384 viii.
391 3346 406 3395 3
419 3331 532 3397 (Volo).

281 3408 305 3457 8.
322 3409 369 3456 Ab
381 3409 453 3465 ipsis
465 3409 543 3456 enlm
559 3407 618 3454 rols
628 3419 687 3455 uon
703 3408 822 3464 utique:
838 3405 909 3455 ‘Not
919 3405 955 3468 by
964 3404 1010 3455 the
1025 3404 1155 3455 criminals
1170 3404 1256 3455 them-

249 3481 330 3531 selves
342 3485 369 3530 at
379 3481 417 3530 all
428 3485 524 3539 events,
535 3479 604 3529 since
615 3496 679 3529 even
695 3479 724 3527 iu
740 3479 776 3529 all
793 3480 926 3544 mysteries
942 3479 988 3529 the
1004 3479 1069 3544 duty
1080 3479 1108 3528 of
1121 3481 1255 3543 secrecyis

248 3555 427 3619 imperatively
438 3549 599 3604 demanded'

284 3640 321 3676 11.
341 3642 413 3685 quae
429 3630 544 3686 prodita
560 3630 678 3676 iuterim
690 3661 697 3677 .
710 3661 719 3677 .
730 3663 737 3677 .
748 3631 817 3677 dum
833 3630 934 3677 divina
948 3631 1096 3677 serretur:
1113 3625 1223 3684 ‘which
1234 3626 1258 3675 if

247 3701 381 3765 betrayed,
392 3702 479 3751 would
495 3707 524 3751 at
540 3717 602 3750 once
617 3703 730 3764 provoke
745 3702 842 3751 human
860 3702 1033 3766 punishment,
1051 3701 1102 3751 aud
1116 3700 1156 3751 for
1171 3701 1256 3751 which

248 3774 343 3823 Diviue
353 3774 437 3822 wrath
449 3774 533 3823 would
543 3773 575 3823 be
586 3771 724 3825 reserved'

285 3857 322 3910 17.
342 3850 431 3896 l'amo
441 3850 555 3898 malum.
591 3847 668 3912 Ver-g.
679 3853 746 3899 Aen.
758 3849 793 3899 iv.
809 3859 865 3913 174.
