2784 4242
248 181 293 258 46
528 177 726 285 Tertulliani
744 176 968 261 Apologeticus
1109 186 1180 251 [cm.
1192 192 1257 249 xli.
1353 270 1354 281 ἵ

249 354 346 415 lorum
357 353 677 428 inetmmcntorumqua
687 348 893 420 communium,
903 349 951 409 vel
962 369 999 408 ex
1009 346 1113 407 iisdem
1123 349 1255 409 vasculis

249 458 280 514 et
293 453 497 514 instrumentis
512 449 597 531 quasi
616 451 710 510 fatum
731 448 945 509 consecratione
959 450 1117 520 mutantes,
1132 446 1255 508 licentia

248 553 322 613 artis
335 554 571 632 transfigurante,
585 556 616 610 et
634 550 753 627 quidem
774 546 1062 607 contumeliosissime
1083 551 1113 607 et
1133 546 1166 606 in
1185 547 1254 625 ipso

249 671 337 729 opera
358 653 507 729 sacrilege,
527 655 561 710 ut
582 669 685 709 revera
706 645 790 707 nobis
810 645 947 719 maxime,
967 646 1020 722 qui
1040 651 1162 723 propter
1182 646 1253 705 deos

224 750 327 828 eipsos
346 751 509 828 plectimur,
525 749 661 809 solatium
681 765 842 825 poenarum
858 765 920 806 essa
939 744 1042 821 possit,
1055 745 1134 823 quod
1152 742 1254 804 eadem

249 855 280 909 et
292 847 351 926 ipsi
364 849 530 926 patiuntur,
545 853 581 908 ut
594 847 674 906 liant.
716 845 862 905 Crucibus
875 849 907 904 et
926 842 1078 922 stipitibus
1098 842 1253 921 imponitis

250 945 452 1008 Christianos:
484 949 563 1026 qnod
582 945 772 1005 simulacrum
792 963 851 1003 non
873 942 958 1020 prius
979 943 1086 1020 argilla
1106 943 1253 1002 deformat

249 1047 329 1105 cruci
350 1050 381 1106 et
401 1046 497 1124 stipiti
518 1044 739 1124 superstructal
780 1042 819 1102 In
839 1042 974 1119 patibulo
994 1041 1125 1120 primum
1145 1061 1252 1119 corpus

249 1143 298 1203 dei
307 1145 400 1204 vestri
409 1143 569 1205 dedicatur.
599 1142 730 1220 Ungulis
740 1140 883 1201 deraditis
894 1142 987 1200 latera
997 1139 1252 1212 Christianorum

211 1257 242 1292 10
250 1246 282 1301 at
302 1242 335 1301 in
354 1244 422 1303 deos
442 1248 555 1304 vestros
577 1263 632 1321 per
652 1240 751 1301 omnia
774 1241 904 1300 membra
924 1238 1052 1300 validius
1076 1238 1252 1299 incumbunt

249 1342 352 1415 asciae,
377 1347 408 1402 ct
434 1342 581 1415 runcinae,
606 1345 636 1400 et
659 1340 802 1401 scobinae.
843 1338 979 1401 Cervices
1003 1338 1156 1418 ponimus:
1181 1345 1253 1398 anta

249 1441 401 1519 plumbum
416 1448 446 1501 et
459 1441 606 1518 glutinum
619 1445 650 1500 et
664 1439 805 1517 gomphos
819 1438 881 1499 sine
895 1438 992 1516 capite
1010 1444 1080 1498 sunt
1094 1438 1138 1496 dii
1151 1438 1252 1498 vestri.

250 1540 301 1600 Ad
325 1541 433 1600 bestias
460 1540 647 1619 impellimur,
676 1547 754 1598 certe
782 1558 854 1616 ques
878 1537 997 1610 Libero,
1022 1542 1053 1596 et
1078 1537 1197 1613 Cybele,
1223 1545 1253 1597 et

251 1639 379 1700 Caelesti
402 1639 565 1718 applicatis.
605 1638 731 1717 Ignibus
754 1637 886 1699 urimur:
915 1639 969 1698 hoc
991 1646 1022 1699 et
1046 1640 1092 1699 illi
1115 1638 1251 1717 aprima

285 1874 309 1925 6.
326 1880 360 1923 ut
371 1877 455 1923 fiant:
473 1873 513 1921 ‘in
526 1871 571 1920 the
582 1866 680 1936 pr'occss
691 1872 721 1920 of
727 1871 796 1922 their
805 1870 998 1923 manufactum?

325 1951 462 1998 Crucibus
474 1951 503 1996 et
515 1948 678 2003 stipitibus:
698 1944 760 1994 with
773 1946 818 1995 the
829 1946 945 1997 methodo
956 1946 985 1996 of
998 1952 1096 1998 tortnre
1106 1949 1168 1999 bere
1178 1967 1248 2002 men·

251 2022 338 2072 tioned
348 2037 427 2085 comp.
439 2020 512 2070 those
523 2020 551 2069 in
562 2019 607 2069 the
618 2034 723 2083 passage
734 2017 773 2068 ch.
786 2033 827 2081 30,
839 2022 890 2070 §sic
900 2022 988 2085 itaque
1001 2037 1048 2071 nos
1065 2022 1099 2072 ad
1110 2025 1196 2074 Deum
1206 2042 1247 2075 ex·

249 2112 340 2159 pansos
356 2096 466 2159 ungulae
482 2094 590 2153 fodiant,
607 2109 692 2143 cruces
709 2093 880 2156 suspendant,¹
899 2099 961 2155 etc.;
977 2096 1028 2145 and
1048 2097 1080 2145 de
1095 2099 1187 2161 pudic.
1209 2115 1248 2150 aa.

251 2169 302 2219 For
311 2170 356 2219 the
366 2169 516 2219 barbarities
533 2168 561 2217 ol
574 2167 619 2218 the
635 2167 769 2217 Neronisn
785 2169 944 2231 persecution
955 2186 997 2219 see
1008 2171 1112 2220 Tacitus
1122 2173 1193 2222 Aac.
1206 2190 1247 2224 xv.

250 2259 291 2307 44,
306 2244 356 2293 ‘Et
366 2243 528 2307 pereuntibus
540 2242 627 2291 addita
637 2241 758 2302 ludibria,
770 2246 800 2291 ut
809 2242 922 2292 ferarum
932 2245 1011 2308 tergis
1020 2247 1138 2307 contecti,
1149 2247 1250 2297 laniatu

251 2333 343 2366 canum
353 2317 496 2378 interirent,
508 2321 555 2366 aut
569 2316 684 2365 crucibus
701 2315 786 2377 adfixi,
797 2322 843 2366 aut
859 2317 1014 2378 flammandi,
1027 2324 1112 2383 atque,
1126 2321 1169 2370 ubi
1181 2322 1248 2371 defe-

251 2392 328 2441 cisset
343 2392 404 2453 dies,
422 2392 449 2439 in
466 2407 541 2440 usum
557 2390 673 2440 nocturni
689 2389 794 2439 luminis
810 2391 960 2442 urerentur?
994 2394 1079 2458 Comp.
1092 2395 1184 2446 Euseb.
1196 2411 1246 2445 v.1

251 2467 292 2515 for
301 2465 346 2514 the
356 2465 523 2530 martyrdoms
535 2466 562 2514 in
576 2465 643 2515 Gaul
659 2463 740 2513 under
757 2465 861 2514 Marcus
871 2467 1011 2524 Aurelius;
1029 2467 1081 2517 and
1092 2469 1145 2517 viii.
1162 2482 1192 2531 13
1208 2471 1248 2519 for

252 2532 297 2589 the
307 2539 451 2588 Diocletian
462 2540 585 2599 crueltics,
599 2552 624 2587 Δ.
631 2550 659 2588 n.
672 2551 735 2599 303:
753 2554 795 2588 see
808 2538 853 2589 the
863 2542 973 2606 opening
983 2541 1087 2606 chapter
1099 2542 1128 2591 of
1136 2543 1249 2609 Bright's

252 2614 364 2676 Hirtam
376 2613 577 2676 ‹fftterotcrct
590 2625 649 2662 nn.
663 2625 785 2675 313-451.

286 2697 308 2751 7.
326 2685 575 2750 argilla=dp7mhos
595 2684 689 2749 (ἀργῆς,
707 2686 804 2751 actito),
821 2687 915 2738 ‘white
928 2687 1003 2753 clay,'
1021 2688 1139 2753 ‘pottar’s
1160 2689 1249 2752 earth,’

256 2758 351 2825 ‘argit’
383 2761 437 2810 The
447 2761 518 2810 word
529 2777 615 2811 occurs
626 2760 719 2824 chiefly
728 2761 756 2810 in
767 2762 867 2811 writers
882 2779 915 2811 on
925 2762 1082 2829 husbandry,
1094 2781 1114 2813 e.
1124 2781 1152 2829 9.
1165 2765 1249 2816 Palla·

252 2836 308 2885 dius
319 2834 370 2884 and
381 2835 536 2894 Columella3
553 2851 631 2899 comp.
642 2835 721 2899 Verg.
734 2834 823 2900 Ocorq.
834 2837 860 2886 ii
876 2837 932 2887 180.

285 2924 309 2974 9.
326 2911 480 2958 dedicatur.
516 2909 563 2959 See
574 2914 643 2967 note,
655 2910 694 2958 ch.
707 2922 731 2972 5.

287 2997 324 3045 13.
342 2986 389 3031 Ad
400 2986 506 3033 bestias
524 3020 532 3034 .
549 3020 556 3033 .
574 3020 580 3032 .
597 2987 710 3043 Libero,
724 2990 769 3032 etc.
802 2983 925 3046 Bacchus,
941 2985 1045 3049 Cybele,
1062 2985 1114 3036 and
1125 2987 1249 3038 Caelestis

252 3072 317 3106 were
329 3055 399 3106 often
409 3057 571 3121 represented
581 3059 609 3106 in
620 3057 729 3107 chariato
745 3057 833 3108 dmum
850 3059 886 3122 by
896 3060 969 3119 lions,
981 3059 1080 3124 lynxm,
1092 3061 1144 3109 and
1157 3062 1249 3126 tigers;

252 3146 331 3194 comp.
343 3131 445 3180 Lucret.
457 3132 485 3180 ii.
497 3130 561 3190 6oo;
577 3132 654 3195 Verg.
666 3132 778 3182 Aemili.
793 3145 837 3180 111
851 3132 879 3182 ff.
912 3135 931 3183 J
933 3134 1118 3183 uno-Caelestis
1126 3152 1180 3185 was
1188 3152 1250 3185 wor-

252 3204 359 3267 shipped
370 3209 398 3254 at
409 3205 536 3268 Carthago
547 3204 628 3253 under
638 3205 684 3254 the
694 3205 774 3268 figure
786 3205 814 3254 ol
822 3222 838 3254 a
849 3206 933 3270 virgin
948 3207 1045 3257 carried
1061 3213 1089 3257 to
1104 3208 1205 3260 heaven
1215 3210 1248 3273 by

251 3296 268 3328 a
284 3280 353 3339 lion;
370 3280 494 3343 Apuleius
505 3278 674 3344 Mctcmwpb.
689 3279 712 3339 6,
732 3279 840 3343 ‘Magni
856 3281 931 3330 Jovis
947 3298 1068 3346 germana
1084 3288 1111 3332 et
1127 3286 1248 3347 conjuga:

252 3353 306 3402 eive
328 3358 358 3402 tu
381 3354 451 3402 Sami
475 3390 480 3402 .
505 3390 511 3402 .
535 3390 541 3402 .
564 3358 636 3403 tenes
653 3358 756 3403 vetusta
774 3354 888 3416 delubra,
910 3356 964 3406 sive
980 3357 1061 3406 celsae
1077 3356 1248 3420 Carthaginis,

252 3442 317 3490 quae
335 3431 362 3476 te
383 3427 509 3489 virginem
528 3433 634 3478 vectura
650 3428 731 3476 leonis
747 3428 816 3476 caelo
833 3435 1015 3479 commeantem
1030 3431 1145 3495 percolit,
1161 3431 1249 3480 beatas

252 3499 322 3548 sedes
344 3498 507 3564 frequentas,’
531 3505 578 3550 etc.
613 3501 653 3551 On
675 3501 817 3551 Ohrisffians
834 3501 935 3553 thrown
951 3509 979 3553 to
999 3504 1046 3553 the
1064 3505 1150 3554 beaets
1168 3522 1249 3570 comp.

252 3572 292 3624 ch.
305 3587 345 3636 40.

288 3660 325 3707 14
343 3649 473 3696 caelesti.
506 3648 553 3697 See
568 3649 613 3698 the
629 3649 816 3711 Introduction,
831 3666 855 3713 p.
864 3650 899 3709 xi,
916 3650 968 3700 and
983 3651 1073 3712 below,
1090 3652 1130 3700 ch.
1150 3667 1190 3715 23,
1209 3667 1248 3716 24,

232 3726 236 3734 '
252 3718 337 3767 where
349 3719 493 3768 Tertullian
503 3721 627 3771 indicates
638 3723 761 3773 Caelestis
771 3739 800 3772 as
810 3723 855 3772 the
865 3724 981 3773 national
992 3725 1102 3789 divinity
1114 3727 1143 3774 oi
1149 3728 1247 3778 Africa.

253 3791 341 3853 Gomp.
366 3792 510 3854 Augustino
537 3795 619 3846 Scrm.
642 3797 690 3845 cri.
725 3809 764 3858 12,
798 3797 942 3862 .‘Carthago
967 3799 995 3847 in
1023 3800 1125 3850 nomine
1151 3802 1248 3852 Christi
