2784 4242
148 241 289 309 cmvii]
343 231 509 336 actitersusx
525 231 642 297 Gentes
655 243 721 316 pro
746 231 956 299 christianis.
1112 251 1153 318 29

144 408 341 487 pomacium,
369 412 417 466 et:
453 405 519 465 Hoc
540 406 656 485 factam
683 416 724 464 eet
754 405 870 464 Romae.
920 404 1021 478 Fama,
1048 424 1154 464 nomen

147 505 264 579 incerti,
284 505 380 564 locum
400 524 459 564 non
479 503 577 576 habet,
599 503 651 563 ubi
671 509 785 564 certum
805 509 860 564 est.
901 502 949 562 An
969 523 1038 563 vero
1059 504 1154 563 famae

147 604 261 676 credat,
287 603 344 663 nisi
368 602 622 663 inconsideratust
664 601 724 677 Qui
751 607 796 662 est
823 602 947 680 sapiens,
975 622 1034 661 non
1060 601 1154 662 credit

146 702 271 762 incerto.
317 701 458 761 Omnium
479 705 525 761 est
547 700 710 776 aestimare,
732 707 966 779 quantacumque
985 700 1039 760 illa
1061 702 1153 761 ambi·

146 800 231 862 tione
258 799 363 863 diffusa
390 800 438 872 sit,
466 806 701 879 quantacumque
731 799 945 860 asseveratione
975 804 1177 879 constructa.5

147 899 238 974 Quod
264 899 301 958 ab
328 918 387 958 uno
414 897 573 976 aliquando
599 897 734 977 principe
760 904 864 961 exorta
890 898 938 971 eit,
964 918 1081 961 necesse
1108 906 1154 961 est

146 997 255 1059 exinde
280 997 313 1057 iu
339 997 477 1059 traduces
505 996 675 1075 linguarum
699 1002 730 1057 et
753 997 870 1061 aurium
897 1004 1004 1077 serpat.
1045 998 1086 1058 Et
1109 998 1153 1063 ita
1233 1057 1235 1060 ,

147 1097 255 1157 modici
281 1096 401 1159 seminis
428 1095 535 1157 vitium
561 1101 659 1156 cetera
686 1096 811 1155 rumoris
836 1097 980 1168 obscurat,
1005 1101 1040 1156 ut
1067 1117 1153 1158 nemo

147 1195 299 1274 recogitet,
314 1216 351 1255 ne
368 1194 497 1274 primum
510 1194 588 1254 illud
606 1214 639 1254 os
658 1193 842 1254 mendacium
863 1195 1059 1267 seminaverit,
1074 1197 1153 1273 quod

147 1315 234 1373 saepe
254 1294 290 1354 fit
308 1299 362 1354 aut
381 1293 498 1372 iugenio
517 1293 729 1369 aemulationis,
748 1298 805 1354 aut
823 1293 946 1354 arbitrio
968 1294 1150 1372 suspicionis,
1163 1324 1193 1359 10

147 1399 202 1454 aut
222 1413 281 1453 non
301 1413 386 1469 nova,
402 1393 454 1454 sed
473 1391 607 1470 ingenita
618 1392 797 1470 quibusdam
817 1392 976 1456 mentiendi
990 1393 1150 1475 voluptate.

65 1560 74 1573 ,
147 1491 230 1552 Bene
257 1497 365 1564 autem,
393 1492 474 1570 quod
501 1491 599 1553 omnia
625 1497 744 1569 tempus
770 1492 882 1555 revelat
908 1491 1033 1552 testibus
1061 1491 1149 1552 etiam

146 1591 255 1653 vestris
275 1590 438 1669 proverbiis
457 1595 549 1668 atque
568 1589 736 1667 sententiis,
748 1610 786 1650 ex
805 1589 997 1668 dispositione
1017 1595 1149 1664 naturae,

147 1710 223 1768 quae
239 1690 284 1749 ita
296 1687 455 1762 ordinavit,
470 1694 506 1749 ut
520 1688 597 1747 nihil
610 1688 662 1748 diu
678 1689 779 1761 lateat,
793 1689 883 1749 etiam
896 1689 974 1767 qued
994 1690 1072 1748 fama
1092 1709 1151 1753 non

146 1788 274 1849 distidit.
300 1788 425 1875 'Merito
444 1788 540 1866 igituir
560 1787 639 1847 sama
653 1787 768 1847 tamdiu
782 1787 896 1848 conscia
916 1788 978 1847 sola
998 1792 1043 1847 eet
1064 1787 1190 1862 socie-15

146 1907 218 1950 rum-
233 1885 478 1947 Ohristiauorum.
520 1887 606 1946 Hanc
627 1885 755 1945 indicem
773 1886 913 1946 adversus
934 1905 987 1947 nos
1005 1886 1150 1967 profertis,

147 2007 234 2065 quae,
255 1987 334 2065 quod
354 1986 513 2063 aliquando
531 1986 657 2063 jactavit
678 1990 821 2063 tantoque
841 1985 981 2064 temporis
1002 1985 1098 2067 spatio
1119 1986 1152 2047 in

145 2085 315 2167 opinionem
329 2085 538 2157 corroboravit,
553 2105 646 2163 usque
660 2084 754 2144 adhuc
769 2084 893 2162 probare
907 2104 966 2143 non
980 2085 1084 2146 valuit.

179 2292 204 2342 4.
222 2279 358 2327 Omnium
368 2282 412 2327 est
423 2280 591 2327 aestimare:
608 2276 736 2341 ‘Anycne
747 2292 795 2327 can
805 2275 883 2340 judge
894 2275 947 2326 this
959 2313 965 2326 .
977 2312 989 2327 ..
1000 2275 1026 2328 .'

213 2355 376 2405 ambitione.
412 2352 459 2402 See
470 2357 539 2412 note,
551 2351 590 2401 ch.
605 2350 628 2400 6.

179 2425 204 2476 6.
222 2430 307 2484 Quod
321 2431 356 2476 ab
369 2442 428 2477 unc
443 2426 598 2485 aliquando
615 2428 754 2484 principe.
789 2425 829 2473 ‘A
844 2425 897 2475 tale
915 2424 997 2474 which
1013 2425 1060 2476 bas
1077 2427 1152 2491 origi·

144 2501 225 2550 nated
236 2517 304 2550 some
315 2503 377 2553 time
388 2517 417 2550 or
428 2500 502 2550 other
512 2501 576 2549 with
587 2517 603 2550 a
613 2500 696 2565 single
708 2499 840 2565 authority
850 2501 873 2548 is
888 2500 975 2549 bound
985 2505 1012 2549 to
1023 2501 1152 2551 munuate

143 2575 219 2631 itself
227 2576 283 2627 into
294 2574 338 2625 the
348 2576 515 2640 propagating
526 2575 646 2624 channels
657 2575 685 2624 of
692 2579 800 2638 tongues
811 2575 862 2627 and
874 2590 929 2624 ears
938 2571 960 2637 ’ς
977 2575 1017 2624 for
1025 2577 1151 2638 ιναάιωοε,

144 2649 338 2713 ⁸transmitting
348 2646 484 2714 agencies,⁷
492 2665 533 2698 see
544 2654 611 2709 note,
625 2647 664 2697 oh.
676 2663 700 2713 9.

181 2732 204 2786 7·
221 2726 260 2777 nt
271 2726 314 2777 ita
324 2727 430 2775 modici
442 2726 560 2774 semime
572 2726 684 2772 vitium.
714 2722 794 2771 ‘And
801 2738 816 2771 a
824 2722 883 2771 flaw
891 2722 920 2770 in
928 2720 973 2771 the
981 2721 1152 2787 insignificant

144 2813 234 2847 source
245 2812 272 2846 so
283 2799 398 2847 obscures
409 2798 455 2848 the
469 2802 523 2847 rest
537 2797 565 2846 of
576 2798 621 2847 the
636 2802 725 2861 repert
742 2795 802 2846 that
819 2798 841 2846 it
855 2812 934 2846 never
949 2797 1041 2846 strikes
1053 2814 1152 2863 anycne

144 2870 261 2923 whether
277 2872 321 2921 the
337 2873 393 2923 first
409 2872 459 2936 lips
470 2872 517 2925 did
525 2876 572 2921 not
589 2872 715 2935 originate
726 2887 743 2920 a
756 2870 894 2932 falsehood,
906 2886 934 2919 as
950 2871 1021 2919 often
1036 2871 1151 2936 happens

145 2946 229 2995 either
239 2946 305 3001 from
315 2963 332 2995 a
346 2946 442 3011 jeelous
458 2947 625 3010 imagination
636 2962 665 2995 or
675 2946 815 2995 whimsioal
832 2945 967 3009 suspicion,
985 2962 1013 2995 or
1025 2945 1090 2995 from
1106 2947 1151 3002 the

146 3036 215 3070 mere
225 3020 283 3071 love
294 3019 321 3069 of
329 3019 410 3084 lying,
421 3020 505 3070 which
516 3020 539 3069 is
554 3020 582 3068 in
599 3036 668 3070 some
680 3036 783 3084 pemeus
796 3025 843 3069 not
859 3035 893 3069 an
910 3018 1092 3083 acquirement,
1103 3021 1151 3069 but

145 3091 252 3147 innate‚'

181 3181 219 3218 12.
237 3170 333 3218 omnia
351 3174 464 3227 umpus
486 3171 602 3227 revelat.
646 3168 673 3217 A
694 3168 858 3217 well-known
880 3167 988 3231 proverb
995 3182 1002 3226 ;
1029 3166 1083 3216 like
1105 3167 1150 3217 the

144 3242 254 3307 English
267 3243 355 3292 ‘Time
366 3243 453 3308 tryeth
464 3240 561 3297 Troth'
586 3242 672 3307 Oomp.
687 3242 732 3292 the
741 3242 837 3293 dictum
846 3240 874 3290 ci
880 3240 981 3301 Seneca,
995 3240 1150 3292 ‘Veritatem

144 3317 200 3367 dies
216 3314 326 3381 aperit’3
341 3317 395 3371 and
412 3318 458 3368 the
477 3318 562 3368 Greek
580 3317 688 3382 proverb
707 3314 796 3378 χρόνος
811 3313 907 3364 πάντων
921 3314 1082 3376 βασανιστής.
1116 3316 1150 3368 Sc

144 3392 227 3442 Truth
237 3392 260 3441 is
271 3392 414 3441 sometimes
426 3393 522 3457 spoken
533 3391 561 3442 of
570 3408 598 3441 as
609 3391 654 3441 the
663 3391 798 3454 Daughter
809 3389 837 3439 of
844 3390 923 3438 lime.

178 3476 218 3530 17.
233 3469 267 3519 in
277 3468 453 3531 opinionem,
467 3467 538 3517 ‘into
549 3482 565 3515 a
575 3465 678 3530 general
694 3461 789 3517 beliei'
811 3464 1002 3515 Democetrcte'o
1013 3463 1036 3513 is
1047 3464 1150 3514 wanted

101 3532 105 3539 ’
142 3546 171 3597 to
180 3544 288 3590 convert
295 3555 384 3589 rumor
394 3541 449 3592 into
452 3542 565 3605 fuctum,
577 3544 622 3611 yet
633 3540 753 3590 iteration
764 3538 815 3589 and
826 3538 889 3591 time
895 3539 961 3588 have
968 3538 1150 3604 strengthened

142 3631 231 3671 rumor
242 3616 299 3666 into
309 3615 409 3685 opinio,
