2784 4242
122 235 195 285 car.
205 230 247 295 1.]
328 222 485 286 adversus
518 221 633 288 Gentes
647 223 712 305 pro
738 223 946 289 Christianis.
1073 237 1130 307 151
1217 280 1223 298 „
1271 283 1277 296 .

122 392 309 471 captivitate
329 392 487 452 victorem!
530 392 731 464 Anaxarchus,
746 414 811 453 cum
825 378 865 469 'in
886 394 1054 472 exemplum
1074 379 1163 473 pti-s

124 511 221 551 sanae
242 492 303 578 pilo
323 493 568 552 contunderetur:
590 492 700 563 lhmde,
721 494 822 566 tunde,
840 493 946 565 aiebat,
966 493 1135 554 Anaxarchi

56 581 244 702 &iollae-ng,
260 589 468 649 Anaxarchum
481 590 560 649 enim
573 591 765 651 contundis:
789 611 807 650 o
823 591 992 669 philosophi
1013 613 1134 671 magna·

126 689 306 761 mmitatem,
321 688 375 766 qui
394 689 503 750 detali
522 710 574 748 suo
592 690 677 749 exitu
698 690 788 749 etiam
806 691 978 765 jocabatur!
1020 690 1134 751 Omitto

125 787 442 945 101011ωο
462 787 581 864 proprio
600 787 694 847 aliove
715 808 821 864 genere
842 789 945 849 mortis
966 789 1158 858 11111011115

126 884 222 945 laude
249 906 285 964 pe
305 907 316 944 1
336 907 410 945 erun
472 886 550 946 Ecce
576 886 655 945 enim
678 893 709 945 et
732 863 946 947 tormentorhm
975 888 1135 948 certamina

128 990 340 1045 coronantura
356 984 447 1044 uthis.
488 984 591 1045 Attica
606 984 755 1057 meretrix,
771 984 904 1070 carnifice
922 987 983 1061 jam
998 987 1134 1063 fatigato,

128 1087 279 1160 postremo
290 1083 422 1160 linguam
430 1103 512 1173 suam
524 1090 678 1186 Qm
688 1082 722 1140 in
732 1082 838 1141 faciem
848 1084 968 1160 tyranni
977 1085 1135 1145 saevientis

130 1181 261 1260 exspuit,
271 1187 307 1241 ut
320 1187 475 1259 exspueret
487 1188 518 1241 et
530 1175 685 1255 uocemue
699 1183 865 1257 conjuratos
879 1181 1012 1242 confiteri
1026 1192 1134 1261 posset,

131 1280 160 1339 si
174 1267 263 1340 etiam
277 1281 357 1341 victa
370 1280 520 1340 voluisset
562 1280 641 1339 Zeno
654 1280 780 1352 Eleates,
795 1280 946 1339 consultus
959 1301 977 1339 1
991 1280 1133 1359 Dionysio
1145 1304 1174 1338 10

131 1378 276 1455 quidnam
302 1379 487 1457 philosophia
513 1384 687 1457 praestaret,
716 1399 806 1455 quum
833 1378 1039 1455 respondisset,
1068 1400 1134 1440 001-

130 1485 280 1552 temptum
294 1478 406 1549 mortis,
421 1477 545 1554 flagellis
558 1477 678 1554 tyranni
696 1461 844 1553 subjectus
863 1477 1037 1537 sententiam
1051 1497 1134 1538 suam

130 1576 172 1635 ad
195 1581 320 1635 mortem
347 1596 439 1652 usque
463 1563 606 1653 signabat.
648 1575 735 1635 Certe
758 1576 905 1658 Laconum
929 1575 1054 1666 flagella
1080 1578 1135 1637 suh

131 1674 227 1733 oculis
253 1675 341 1735 etiam
370 1674 553 1735 hortantium
586 1673 816 1752 propinquorum
845 1674 990 1745 acerbata,
1018 1681 1134 1734 tantum

25 1813 28 1816 -
131 1773 273 1832 honorem
300 1773 472 1833 tolerantiae
499 1772 598 1832 domui
624 1772 786 1860 conferunt,
814 1765 958 1854 quantum
985 1757 1189 1852 unguinis&

131 1871 275 1931 fuderint.
317 1866 481 1949 Ogloriam
501 1871 620 1952 lich
634 1871 706 1950 quia
725 1871 891 1942 humanam,
906 1870 955 1929 cui
975 1892 1029 1954 nec
1049 1892 1134 1950 prae-

131 1970 262 2049 sumptio
282 1970 405 2049 perdita,
420 1991 473 2031 nec
493 1956 643 2049 persuasio
664 1971 819 2048 desperata
836 1970 997 2047 deputatur
1017 1969 1049 2028 in
1067 1991 1134 2030 con-

131 2075 251 2146 temptu
277 2069 380 2138 mortis
407 2075 438 2129 et
465 2069 628 2136 atrocitatis
653 2051 842 2148 omnimodae,
867 2067 915 2150 cui
939 2073 1058 2127 tantum
1081 2090 1134 2145 pro

130 2168 240 2247 patria,
259 2188 313 2247 pro
334 2188 413 2245 agro,
429 2186 484 2246 pro
503 2168 634 2256 imperio,
649 2187 704 2243 pro
724 2165 854 2230 amicitia
873 2165 937 2242 pati
958 2167 1135 2243 permissum

130 2272 186 2338 est,
211 2272 353 2344 quantum
375 2287 429 2345 pro
449 2266 517 2326 Dec
533 2287 594 2325 non
614 2266 699 2325 licetl
742 2265 783 2322 Et
802 2261 900 2323 tamen
919 2263 980 2323 illis
1001 2266 1134 2326 omnihus
1145 2294 1176 2327 20

130 2372 164 2426 et
185 2370 296 2426 statuas
317 2366 486 2444 defunditis,
507 2370 538 2424 et
558 2364 701 2441 imagines
720 2343 890 2435 inscribitis,
912 2369 943 2423 et
965 2360 1068 2426 titulos
1091 2365 1133 2423 in-

131 2463 232 2525 ciditis
254 2463 286 2522 in
309 2443 513 2524 aeternitatem
523 2484 533 2537 3
563 2469 707 2541 quantum
733 2462 769 2522 de
792 2462 987 2521 monumentis
1011 2453 1139 2540 potestis,

131 2563 253 2636 scilicet,
280 2563 436 2641 praestatis
463 2568 494 2628 et
521 2562 579 2639 ipsi
603 2560 817 2639 quodammodo
840 2560 963 2620 mortuis
988 2551 1188 2650 resurae-77

167 2682 189 2718 1.
208 2671 400 2720 Anaxarchus.
433 2668 507 2732 Dicg.
519 2668 604 2717 Laert.
613 2684 638 2717 x.
651 2682 692 2732 59,
704 2664 791 2715 πτίσσε
802 2663 847 2713 τὸν
858 2663 1008 2727 Ἀναξάρχου
1019 2664 1134 2728 θύλακον,

131 2740 283 2804 Ἀνάξαρχον
295 2741 321 2790 δὲ
333 2743 361 2791 οὐ
372 2740 495 2803 chrima.
529 2743 609 2791 Much
620 2741 665 2791 the
676 2758 745 2791 same
761 2745 831 2804 story
842 2741 864 2788 is
879 2740 976 2789 related
988 2740 1016 2787 01
1028 2740 1097 2789 Zeno
1108 2741 1137 2789 01

28 2815 30 2818 ’
131 2817 204 2877 Elea,
217 2817 290 2881 Diog.
303 2817 388 2866 Laert.
400 2817 434 2867 ix.
446 2814 592 2880 18,Δὴγάρ
604 2832 633 2864 σε
643 2814 730 2871 λαβὼν
741 2816 755 2863 ὁ
766 2812 889 2878 τύραννος,
901 2814 928 2862 ἐν
939 2814 1007 2877 ὁλμῷ
1021 2813 1090 2880 κόψε·
1108 2832 1133 2862 τι

131 2892 207 2940 τοῦτο
217 2889 300 2953 λέγω
317 2891 386 2952 σῶμα
397 2888 454 2955 γάρ,
467 2890 524 2952 οὐχὶ
535 2888 562 2938 δέ
574 2906 610 2939 σε.

166 2966 188 3014 8.
206 2968 333 3022 linguam
348 2969 447 3014 suam‘.
457 3000 463 3012 .
474 3000 480 3012 .
492 2968 614 3022 exspuit.
648 2963 711 3013 This
722 2964 744 3011 is
755 2963 808 3012 also
819 2961 917 3011 related
929 2960 957 3009 01
964 2960 1132 3009 Anaxarchus

131 3039 184 3088 and
198 3040 226 3088 01
235 3039 304 3088 Zeno
318 3040 353 3103 by
363 3040 437 3102 Diog.
449 3039 534 3088 Laert.
548 3040 576 3087 in
590 3039 635 3087 the
647 3053 765 3102 passages
781 3038 861 3086 abore
878 3035 961 3095 cited;
978 3050 1057 3098 comp.
1069 3035 1129 3084 Val.

131 3115 203 3164 Max.
216 3115 252 3163 iii.
267 3128 289 3175 3.
303 3128 326 3176 4,
341 3114 369 3162 01
376 3112 549 3162 Anaxarchus.

167 3202 205 3237 10.
226 3192 319 3239 zeno.
334 3224 341 3238 .
356 3224 362 3236 .
375 3190 546 3245 aDionysio.
573 3185 815 3251 Thetyrantunder
825 3184 908 3234 whom
916 3183 983 3232 Zeno
992 3182 1130 3233 1111111111

131 3264 214 3315 called
222 3264 354 3313 Nearchus
363 3280 391 3312 or
400 3262 541 3311 Diomedon
547 3261 575 3309 in
583 3261 656 3323 Diog.
665 3263 699 3309 ix.
711 3260 755 3316 26;
767 3275 845 3323 comp.
856 3260 915 3308 Val.
925 3258 996 3306 Max.
1006 3257 1042 3305 iii.
1054 3270 1076 3317 3.
1090 3256 1128 3306 cf.

91 3375 94 3384 .
167 3350 207 3387 11..
220 3342 414 3395 contemptum
425 3339 532 3385 mortis.
558 3335 618 3385 Ood.
630 3335 704 3384 Fuld.
716 3337 861 3397 contempta
871 3331 1131 3395 morttetmposeibilie

125 3412 192 3476 sim.

166 3499 204 3535 21.
224 3491 333 3535 statuas
344 3487 519 3535 defunditis:
537 3486 599 3548 ‘you
611 3481 677 3533 cast'
690 3484 743 3545 (lit.
759 3486 836 3547 ‘pour
847 3478 908 3540 out,’
918 3482 936 3531 1.
947 3497 966 3531 e.
978 3480 1023 3530 the
1034 3480 1132 3529 molteu

130 3559 210 3609 metal
221 3560 275 3607 into
285 3559 330 3608 the
341 3558 418 3621 shape
430 3558 468 3622 of)
480 3555 609 3607 ‘statues’
979 3579 982 3584 ·

197 3635 298 3682 titulos
317 3634 454 3681 inciditis.
497 3632 543 3680 See
558 3637 630 3681 notes
645 3647 679 3679 on
694 3630 792 3690 11111101,
803 3630 842 3680 011.
860 3642 883 3689 1,
894 3630 944 3679 and
955 3628 1077 3689 incidere,
1089 3627 1129 3678 ch.

132 3721 177 3771 253
195 3706 247 3755 and
257 3707 296 3755 for
306 3723 322 3757 a
332 3706 431 3757 similar
442 3706 591 3769 expression,
603 3707 654 3754 Cic.
667 3707 697 3753 in
709 3705 780 3754 Verr.
795 3705 828 3754 iv.
844 3718 883 3768 34„

166 3794 203 3842 ²3·
222 3783 428 3839 quodammodo
444 3782 565 3829 mortuis
580 3780 823 3828 resurrectionem
865 3778 1027 3826 Resurrectio
1038 3776 1060 3824 ie
1071 3774 1133 3823 used

130 3855 225 3919 loosely
238 3855 278 3903 ior
290 3853 335 3902 the
354 3854 522 3904 continuance
541 3869 569 3902 as
586 3855 608 3903 it
626 3869 692 3902 were
710 3852 738 3900 of
753 3851 799 3901 life
813 3850 878 3901 after
891 3850 969 3899 death
983 3852 1009 3900 111
1026 3848 1133 3898 lifelilse
