2784 4242
249 164 330 261 54δ
471 172 731 239 ‘Tertulliani
750 171 974 255 Apologeticus
1111 179 1185 244 [cn.
1198 185 1262 232 xv.

249 349 478 410 meridianorum
495 346 683 407 crudelitates
698 344 880 405 Mercurium
894 351 1024 403 mortuos
1040 343 1172 404 mauric
1187 363 1263 403 exa-

248 449 418 509 minantem.
460 446 595 507 Vidimus
609 451 639 505 et
651 445 672 504 J
673 445 735 504 ovis
756 445 876 503 fratrem
894 443 1090 521 gladiatorum
1104 443 1264 502 elavem

250 569 317 609 cum
330 548 435 607 malleo
446 546 644 607 deducentem.
678 544 799 621 Singula
812 542 869 602 ista
880 562 1010 619 quaeque
1023 542 1119 600 adhuc
1133 541 1263 600 investi·

251 666 321 725 gare
335 646 401 725 quis
414 645 506 723 possit
517 646 528 703 l
550 643 583 704 si
592 644 734 702 honorem
743 642 911 721 inquietant
922 640 1097 713 divinitatis,
1112 640 1139 700 si
1149 642 1264 716 majes-

228 745 324 815 ststis
333 743 458 822 vestigia
471 742 644 814 obsoletant,
659 742 695 801 de
709 745 879 818 contemptu
892 740 996 816 utique
1011 744 1175 812 censentur,
1193 745 1263 797 tam

251 864 352 904 eorum
365 842 416 920 qui
431 840 572 918 ejusmodi
585 840 733 913 factitant,
749 859 837 917 quam
850 858 952 898 eorum
965 838 1073 916 quibus
1085 838 1239 897 factitant.

294 940 353 1001 Sed
372 941 487 1000 ludicra
512 940 571 1000 ista
592 947 670 1000 sunt.
712 938 852 1000 Ceterum
877 938 902 996 si
924 937 1069 1013 adJ‘iciam,
1095 957 1171 1014 quae
1196 956 1261 994 non
1353 984 1354 1017 ,

252 1041 349 1100 minus
363 1040 554 1101 conscientiae
565 1039 694 1099 omnium
708 1043 922 1114 recognoscent,
931 1037 962 1094 in
976 1036 1093 1114 templis
1107 1035 1262 1094 adulteria
1353 1026 1354 1057 ³

253 1140 395 1217 componi,
418 1140 497 1199 inter
520 1159 586 1198 aras
609 1136 753 1198 lenocinia
777 1134 909 1208 tractari,
930 1134 963 1192 in
986 1134 1057 1212 ipsis
1079 1134 1261 1212 plerumque

215 1265 245 1299 10
253 1238 439 1298 aedituorum
458 1244 489 1298 et
509 1235 691 1297 sacerdotum
712 1232 916 1305 tabernaculis,
932 1233 988 1292 sub
1006 1233 1111 1292 iisdem
1123 1232 1210 1292 vittis
1228 1235 1261 1290 et

254 1336 385 1414 apicibus
411 1341 441 1396 et
469 1335 617 1414 purpuris,
645 1341 712 1394 ture
746 1334 889 1412 flagrante
919 1332 1070 1390 libidinem
1102 1330 1257 1409 expungi:

254 1435 360 1509 nescio,
374 1435 480 1513 plusne
498 1435 536 1493 de
548 1432 630 1493 vobis
651 1432 694 1492 dii
708 1432 807 1504 vestri,
821 1451 909 1507 quam
929 1430 966 1490 de
987 1429 1165 1490 Christianis
1185 1450 1259 1507 que·

253 1540 364 1594 rantur.
406 1533 493 1593 Certe
514 1532 647 1608 sacrilegi
668 1532 705 1591 de
726 1530 831 1591 vestris
851 1550 964 1608 semper
985 1529 1257 1606 apprehenduntur.

253 1632 415 1695 Christiani
443 1632 521 1692 enim
547 1632 657 1708 templa
683 1650 738 1690 nec
767 1631 898 1689 interdiu
927 1633 1057 1701 norunt3
1093 1628 1259 1705 spoliarent

215 1755 244 1804 15
253 1732 378 1792 forsitan
391 1751 426 1790 ea
438 1737 469 1790 et
482 1730 548 1807 ipsi,
564 1730 589 1789 si
602 1736 633 1789 et
646 1729 704 1807 ipsi
717 1749 751 1788 ea
765 1730 926 1805 adorarent.
969 1727 1050 1803 Quid
1063 1748 1132 1804 ergo
1146 1727 1256 1798 colunt,

254 1831 306 1909 qui
327 1829 399 1890 talia
420 1849 479 1888 non
499 1829 619 1888 colunt?
659 1829 729 1888 Jam
749 1827 869 1905 quidem
888 1827 1015 1905 intelligi
1037 1827 1170 1902 subjacet
1182 1826 1256 1886 veri·

253 1931 324 1990 tatis
345 1950 408 1990 esse
428 1928 565 2000 cultores,
582 1927 634 2005 qui
655 1927 800 1987 mendacii
819 1947 879 1986 non
900 1927 978 1986 sint:
1000 1908 1053 1986 neb
1073 1946 1175 1985 errare
1195 1946 1256 1985 am·

289 2082 310 2119 1,
329 2071 559 2118 meridianorum.
594 2066 633 2117 Sc.
652 2033 846 2130 gladiaturae,-
872 2084 909 2131 cp.
933 2067 1027 2116 Senem
1044 2067 1116 2130 Epp.
1139 2075 1162 2130 7.
1202 2065 1256 2115 The
1340 2112 1352 2137 ⁸

254 2144 413 2192 combatants
423 2141 481 2192 who
496 2141 617 2191 survived
631 2141 677 2191 the
691 2141 832 2207 morning’s
847 2146 985 2192 encounter
998 2141 1089 2205 fought
1101 2144 1131 2190 at
1144 2155 1213 2189 neon
1229 2145 1257 2189 to

255 2217 300 2266 the
311 2215 398 2265 death.

321 2292 462 2340 cauterio:
484 2291 517 2338 ‘a
527 2286 751 2354 branding·iron';
774 2292 821 2340 but
832 2290 976 2340 Tertullian
990 2305 1048 2339 uses
1058 2291 1082 2338 it
1092 2291 1148 2339 adu.
1164 2289 1252 2338 Ham.

259 2380 282 2425 1,
291 2364 320 2414 of
327 2365 373 2414 the
383 2365 539 2423 instrument
547 2365 680 2429 employed
688 2369 716 2414 to
726 2365 794 2414 burn
802 2366 830 2414 iu
840 2365 885 2414 the
893 2381 950 2414 wax
959 2366 988 2413 in
995 2365 1123 2414 encaustic
1130 2364 1255 2428 pointing,

257 2439 318 2488 such
328 2455 357 2487 ss
368 2439 390 2487 is
401 2437 532 2486 described
542 2438 575 2503 by
587 2437 724 2488 Vitruvius
735 2440 780 2488 vii.
792 2453 821 2504 91
831 2456 839 2500 ;
856 2440 922 2488 Plin.
934 2454 1010 2488 mv.
1025 2453 1047 2487 r.

292 2527 313 2563 n.
332 2515 414 2562 lovis
425 2514 550 2561 fratrem.
582 2511 668 2562 Pluto.

291 2600 313 2649 5.
335 2588 504 2636 obsoletant.
538 2587 563 2634 A
582 2588 652 2636 word
670 2588 785 2637 confined
803 2592 831 2637 to
850 2588 966 2652 patristic
984 2586 1106 2650 latinity:
1132 2587 1154 2636 it
1173 2602 1255 2636 recurs

257 2659 345 2724 Seorp.
353 2660 376 2718 6,
384 2663 391 2687 ‘
398 2662 443 2725 qui
455 2660 577 2710 vestitum
588 2663 771 2712 obsoletassent
782 2661 940 2727 nuptialem)
970 2663 1024 2711 The
1034 2662 1142 2726 parallel
1153 2670 1255 2726 passage

258 2737 293 2785 ad
303 2735 367 2785 Nat.
381 2735 398 2785 i.
414 2749 445 2785 ιο
455 2736 530 2784 reads
542 2735 578 2784 ‘si
589 2738 731 2800 majestatis
742 2737 874 2801 fastigium
885 2734 1019 2786 adsolam'
1070 2769 1072 2774 ·
1139 2776 1140 2779 ,

293 2823 331 2858 10.
347 2812 545 2860 tabernaculis.
579 2811 612 2859 In
627 2812 754 2861 technieal
770 2812 841 2876 relig.
853 2811 1022 2875 terminology
1033 2810 1248 2860 tuomum

258 2885 303 2934 the
313 2886 401 2934 sacred
411 2888 470 2934 tent
480 2885 694 2949 pitshedoutside
706 2887 751 2936 the
759 2887 812 2951 city
820 2886 923 2936 whence
931 2886 976 2935 the
984 2886 1098 2949 auspices
1104 2902 1171 2935 were
1178 2887 1252 2935 taken

257 2959 375 3023 previous
386 2964 413 3008 to
424 2958 469 3008 the
480 2960 608 3010 electione.

293 3049 331 3086 11.
349 3038 501 3085 libidinem
512 3038 643 3093 expungi.
676 3035 725 3085 See
735 3040 803 3096 note,
814 3036 853 3086 cb.
870 3051 900 3094 23
915 3053 953 3099 op.
967 3036 1070 3086 Sueton.
1084 3035 1140 3087 Tib.
1151 3051 1191 3099 44

293 3123 331 3172 13.
351 3113 433 3159 Oerte
445 3113 577 3168 sacrilegi
593 3114 628 3160 de
639 3114 751 3160 vestris.
786 3112 832 3175 Cp.
844 3112 880 3159 od
892 3110 968 3174 Scap.
981 3125 1005 3171 r,
1016 3111 1127 3159 ‘Tamen
1139 3126 1185 3160 nos
1195 3127 1253 3176 quos

259 3185 391 3249 sacrilegos
407 3185 565 3246 existimatis,
580 3201 626 3234 nso
643 3186 674 3245 in,
685 3187 752 3235 furto
767 3202 879 3249 unquam
895 3185 1104 3250 deprehendistis,
1118 3186 1211 3235 nedum
1226 3187 1251 3236 in

259 3259 396 3321 sacrilegio.
431 3259 523 3309 Omnes
540 3263 626 3307 autem
642 3259 687 3322 qui
703 3260 799 3323 templa
815 3259 966 3323 despoliant,
984 3265 1010 3308 et
1025 3276 1070 3322 per
1086 3260 1146 3308 deos
1161 3261 1252 3324 jurant,

259 3338 286 3381 et
302 3332 403 3382 eosdem
419 3332 515 3394 colunt,
533 3338 560 3382 et
579 3333 718 3383 Christiani
735 3349 788 3383 non
807 3339 874 3395 sunt,
894 3340 921 3383 et
937 3333 1053 3398 sacrilegi
1068 3337 1158 3383 tamen
1173 3334 1253 3399 depre-

259 3403 426 3455 henduntur.'

295 3493 333 3542 14„
353 3482 509 3530 christiam
527 3483 702 3550 templares
720 3483 847 3532 interdiu
863 3486 977 3531 norunt.
1021 3481 1066 3545 Cp.
1081 3481 1121 3531 cla
1138 3491 1179 3545 37,
1189 3482 1252 3531 ‘sola

261 3553 333 3602 vobis
344 3554 492 3616 reliquimus
503 3552 614 3617 templa?

296 3625 334 3676 16.
352 3629 478 3683 intelligi
490 3630 624 3684 subjacet.
652 3628 679 3676 A
689 3628 742 3677 late
753 3628 830 3678 Latin
841 3644 894 3690 use,
905 3629 941 3678 ‘it
952 3629 999 3678 lies
1009 3629 1101 3679 within
1112 3645 1174 3693 easy
1184 3630 1251 3680 resch

261 3698 290 3748 of
297 3698 342 3747 the
353 3699 535 3762 apprehension
542 3703 563 3760 ’ς
580 3717 619 3764 op.
630 3702 675 3750 the
687 3718 732 3750 use
743 3702 771 3751 of
780 3702 903 3750 ὑπόκειται
914 3701 986 3751 νοεῖν.

296 3784 334 3835 17.
351 3786 404 3821 nec
415 3786 507 3822 errare
519 3776 641 3831 amplius
653 3777 685 3823 ln
696 3789 738 3824 eo.
765 3776 836 3825 ‘Nor
846 3792 890 3825 are
900 3778 963 3841 they
970 3792 1023 3845 any
1033 3777 1121 3842 longer
1131 3777 1251 3827 mittatur
