2784 4242
256 260 298 337 84
491 285 495 291 ·
531 260 732 325 Tertulliani
750 261 973 344 Apologeticus
1090 270 1254 335 [cmxxn.

254 451 352 509 quam.
401 430 611 510 Dispositiones
637 432 727 492 etiam
757 431 822 505 Dei,
850 441 880 494 et
909 438 981 503 tuuc
1008 433 1162 512 prophetis
1188 454 1257 494 cona

254 530 439 591 cionautihus
470 536 655 610 exceperunt,
683 538 714 590 et
743 551 821 591 nuuc
850 532 1025 591 lectionibus
1053 533 1259 594 resonantibus

254 635 390 708 carpunt.
431 631 481 691 Ita
500 638 531 691 et
550 630 620 689 hinc
640 636 789 691 sumentes
809 632 949 710 quasdam
969 638 1135 710 temporum
1156 641 1258 697 sortes,

254 731 441 794 aemulantur
454 729 639 789 divinitatem
652 729 724 789 dum
736 731 874 789 furantur
886 730 1105 792 divinationem.

231 859 247 911 5
295 829 472 888 Inoraculis
490 833 663 906 cutemque
683 828 801 905 iugenio
821 828 1029 906 ambiguitates
1050 835 1218 908 temperent
1229 830 1259 889 in

254 932 387 999 eventus,
402 926 500 986 sciunt
519 926 628 999 Croesi,
647 926 744 986 sciunt
764 926 879 1003 Pyrrhi.
921 928 1060 989 Ceterum
1077 928 1260 989 testudinem

256 1023 379 1102 decoqui
392 1043 458 1083 cnm
476 1025 613 1084 carnibus
626 1024 746 1103 pecudis
765 1025 891 1102 Pythius
909 1047 944 1086 eo
960 1028 1047 1087 modo
1065 1028 1260 1097 renuntiavit,

255 1144 314 1202 quo
328 1144 418 1200 supra
431 1123 575 1196 diximus3
597 1132 745 1184 momento
759 1125 839 1203 apud
853 1126 978 1202 Lydiam
990 1128 1094 1187 luerat
1137 1128 1261 1208 Habent

255 1224 293 1281 de
315 1220 447 1283 incolatu
468 1222 545 1282 atris
569 1229 600 1281 et
624 1223 660 1282 de
686 1222 795 1283 vicinia
818 1223 948 1284 siderum
971 1231 1001 1286 et
1024 1226 1062 1286 de
1088 1227 1261 1286 commercio

217 1321 379 1384 rouuhium
398 1321 536 1381 caelestes
556 1341 657 1399 sapere
677 1329 842 1399 paraturas,
859 1328 896 1382 ut
916 1329 947 1384 et
965 1325 1092 1403 pluvias,
1106 1345 1180 1403 quas
1196 1325 1260 1403 jam

255 1420 394 1491 sentiunt,
416 1420 628 1497 repromittant.
670 1419 803 1481 Venefici
822 1423 909 1499 plane
930 1427 961 1482 et
981 1423 1060 1483 circa
1081 1445 1167 1484 curan
1180 1424 1258 1484 vale-

254 1520 400 1581 tudinum.
441 1519 577 1579 Laedunt
590 1517 668 1577 enim
681 1519 787 1597 primo,
801 1520 907 1580 dehinc
925 1521 1055 1582 remedia
1072 1521 1258 1601 praecipiunt

253 1620 292 1680 ad
323 1618 498 1679 miraculum
527 1637 611 1691 nova,
640 1616 704 1677 sive
732 1619 888 1692 contraria,
917 1626 984 1697 post
1016 1640 1091 1699 qnae
1119 1621 1258 1680 desinunt

254 1718 378 1790 laedere,
401 1723 432 1777 et
454 1736 569 1798 curasse
593 1717 764 1776 creduntur.
817 1717 896 1791 Quid
924 1740 994 1795 ergo
1015 1720 1053 1778 de
1081 1721 1189 1780 ceteris
1214 1720 1257 1778 in·

215 1837 225 1873 ι
233 1837 246 1889 5
255 1816 349 1895 geniis
362 1801 411 1876 rel
430 1815 520 1875 etiam
533 1814 646 1874 viribus
657 1799 800 1875 'fallaciae
820 1816 962 1893 spiritalis
983 1817 1148 1891 edisseram,
1164 1818 1257 1897 phau·

167 1911 171 1918 ’
256 1921 382 2003 tasmata
410 1914 574 1986 Castorum,
601 1919 633 1974 et
659 1933 768 1992 aquam
795 1914 891 1974 cribro
918 1921 1071 1993 gestatam,
1095 1925 1127 1977 et
1155 1938 1257 1977 navem

292 2105 315 2141 1.
333 2092 544 2148 Dispositiones
561 2093 649 2140 etiam
668 2092 730 2147 Det,
752 2089 812 2139 ‘the
830 2090 946 2140 couneels
964 2091 993 2141 ol
1007 2092 1094 2152 God'3
1111 2108 1139 2141 so
1158 2092 1197 2142 ch.
1216 2105 1257 2155 41,

259 2165 384 2215 ‘admitte
401 2166 472 2229 prius
490 2163 667 2228 dispositiones
683 2160 757 2226 ejus?
788 2163 875 2227 Gomp.
893 2165 965 2218 Just.
982 2164 1063 2218 Mart.
1080 2165 1156 2230 Apol.
1173 2167 1190 2214 i.
1207 2179 1257 2228 545

256 2241 316 2365 Cyzr:
326 2240 504 2362 isitiimiiis
524 2314 742 2361 resonantibus:
763 2309 815 2359 att.
833 2309 911 2362 atsol.
927 2310 995 2359 ‘and
1012 2327 1071 2362 now
1088 2313 1152 2377 they
1169 2312 1257 2362 snateh

258 2386 329 2435 them
341 2388 371 2449 (t.
381 2401 400 2434 e.
412 2384 599 2449 doposcimus)
611 2385 698 2434 whilst
714 2383 759 2433 the
775 2383 861 2447 public
877 2383 995 2448 readings
1012 2385 1041 2433 of
1053 2385 1099 2434 the
1114 2386 1256 2449 Scriptores

257 2477 303 2510 are
314 2460 439 2522 sounding
447 2457 468 2519 ';
484 2475 564 2523 comp.
576 2457 670 2518 ch.'18‚
681 2457 794 2508 ‘Judaei
805 2458 890 2521 palam
900 2457 1038 2517 lectitant'
1047 2463 1096 2509 stc.

291 2549 316 2597 4
334 2537 511 2583 aemmantur
522 2536 718 2584 divinitatem:
735 2533 814 2596 ‘they
824 2530 867 2581 vie
879 2533 954 2594 (with
964 2533 1032 2595 God)
1044 2534 1072 2582 in
1086 2534 1175 2598 lsyiug
1184 2534 1256 2583 claim
1361 2585 1362 2612 Ξ

259 2606 452 2672 toadiviuityss
462 2607 563 2656 which
555 2624 577 2657 rs
588 2607 702 2658 founded
713 2607 901 2671 uponastolen
917 2606 1053 2668 diuinatio,
1071 2607 1144 2657 itaell
1156 2608 1256 2657 haudo

258 2685 314 2733 lent
335 2683 387 2733 aud
411 2682 555 2746 dependent
575 2699 643 2780 upon
666 2683 711 2732 the
734 2682 794 2744 only
815 2681 869 2729 real
892 2680 967 2746 thing
988 2683 1068 2731 about
1089 2682 1170 2742 them,
1192 2683 1257 2732 their

258 2759 388 2808 uelocitas.

292 2833 429 2882 6sorunt
446 2833 553 2891 croesi
563 2833 658 2882 amant
674 2832 787 2889 Pyrrhi
820 2828 938 2879 Herod
930 2846 947 2878 ι.
960 2843 1001 2893 55,
1013 2843 1055 2894 55,
1067 2844 1117 2895 913
1133 2831 1256 2881 thaerode
1360 2889 1361 2896 5

256 2907 340 2961 diost·
322 2924 349 2959 11.
363 2906 404 2972 56.

294 2993 315 3046 7.
333 2985 465 3040 Pythius.
497 2979 595 3030 Herod.
605 2979 623 3030 i.
635 2978 727 3044 46-48.

293 3070 331 3119 15
348 3072 432 3117 nova,
443 3059 505 3105 sive
520 3056 707 3105 contrarias*
716 3069 737 3103 e.
749 3051 832 3102 either
840 3068 898 3101 new
909 3052 1025 3101 methodo
1036 3052 1217 3112 ottreatmeut',
1230 3069 1255 3103 or

257 3133 310 3182 else
321 3132 444 3180 remedies
455 3130 565 3193 entirely
576 3129 685 3193 opposed
695 3134 724 3177 to
734 3127 780 3177 the
791 3128 911 3191 ordinary
921 3131 1018 3178 ones.

292 3208 481 3268 satagentis.
515 3203 562 3252 See
572 3208 640 3262 nats,
651 3203 690 3254 ch.
705 3215 742 3266 15
859 3238 862 3242 .

293 3293 331 3369 15.
348 3284 547 3338 phantasmata
558 3280 716 3326 Gestorum.
742 3275 798 3325 'l'he
809 3274 908 3339 alleged
919 3276 1121 3340 appearancesol
1129 3274 1175 3324 the
1185 3275 1252 3325 Dios·

256 3357 313 3405 curi
335 3360 364 3405 at
381 3356 427 3404 the
443 3354 527 3404 battle
544 3351 573 3401 of
588 3351 803 3415 Lakelltegillan
821 3350 897 3399 and'
889 3365 918 3398 m
935 3350 1017 3399 Rome
1034 3349 1196 3413 announciug
1212 3350 1252 3400 the

258 3432 375 3496 victory
367 3447 395 3480 ιιι
405 3429 451 3479 the
462 3428 569 3477 Persian
578 3443 646 3487 war,
662 3426 722 3476 Val.
735 3426 806 3475 Max.
818 3426 837 3475 i.
849 3426 880 3485 8,
896 3440 977 3489 comp.
988 3425 1079 3474 Horas
1087 3424 1193 3489 Epist·
1175 3441 1202 3474 11.
1212 3438 1253 3483 ιι,

255 3506 295 3560 iii.
308 3518 322 3565 5
332 3519 340 3564 3
357 3506 409 3554 Cic.
421 3504 453 3553 dc
463 3505 518 3551 aot.
530 3502 598 3552 deor.
609 3502 636 3550 ii.
650 3515 679 3556 23
696 3500 763 3550 Min,
775 3499 849 3549 Felix
861 3510 885 3562 7,
897 3507 936 3561 ²7·
974 3529 976 3536 ι

294 3577 334 3628 16.
351 3593 453 3637 aquam
464 3580 558 3626 cribro
570 3580 723 3634 gestatam:
734 3574 780 3622 the
790 3573 876 3622 ordeal
886 3573 921 3637 hy
932 3571 1015 3622 which
1025 3570 1070 3621 the
1080 3572 1215 3622 iunoceuce
1224 3567 1252 3622 ci'

258 3650 358 3710 Tuccia,
370 3669 386 3701 a
396 3651 479 3700 vestal
490 3650 580 3713 virgin,
593 3664 646 3698 was
657 3646 826 3706 established;
843 3646 901 3695 Val.
914 3646 986 3695 Max.
997 3646 1051 3697 viii.
1066 3659 1089 3698 1.

324 3739 427 3774 navem
447 3727 560 3781 cingulo
580 3727 754 3780 promotam:
777 3720 901 3783 referring
917 3726 945 3769 to
961 3720 1005 3770 the
1021 3725 1092 3784 story
1108 3718 1136 3768 of
1150 3719 1253 3772 Claudia

258 3798 363 3855 Quinta,
376 3815 392 3846 a
403 3799 502 3846 Roman
512 3802 613 3845 matrcn
624 3795 702 3860 (Min.
715 3796 788 3844 Felix
802 3795 843 3859 27)
859 3794 943 3844 whose
954 3794 1066 3859 chastity
1074 3794 1126 3843 had
1136 3795 1201 3843 been
1211 3795 1252 3843 im·

259 3870 362 3936 pugnet
375 3872 421 3935 (or,
440 3870 571 3933 according
587 3874 615 3919 tc
631 3870 720 3918 Aurel.
734 3869 824 3919 Victor
834 3870 865 3918 dc
878 3870 924 3920 cir.
935 3869 1034 3923 illustr.
1045 3867 1086 3934 46,
1101 3869 1188 3938 ‘virgo
1203 3883 1254 3919 ves·
