2784 4242
124 223 336 289 ommim]
380 215 538 279 adversus
555 213 679 279 'Gentc's
692 225 758 296 pro
782 210 993 280 Christianis.
1068 225 1130 297 143

114 392 243 459 natum,
264 386 389 447 maceria
409 387 534 465 quadam
554 386 658 463 igneae
677 384 759 445 illins
778 406 866 462 zonae
886 405 905 446 a
925 375 1034 445 notitia
1053 382 1131 443 orbis

126 483 295 546 communis
330 494 522 563 segregatum,
550 484 646 561 Elysii
673 483 767 563 campi
794 483 880 556 fidem
908 490 1131 562 occupaverunt.

126 584 220 645 Unde
240 585 320 657 haec,
335 605 386 643 oro
405 604 465 655 vos,
482 583 661 662 pbilosophis
681 589 735 644 aut
754 584 847 662 poetis
867 589 928 644 tam
948 582 1132 643 consimilia?

127 703 191 742 non
212 682 270 742 nisi
291 684 328 742 de
349 684 458 742 nostris
478 681 684 743 sacramentis:
707 680 783 743 side
805 682 915 743 nostris
936 680 1131 754 sacramentis,

127 787 167 841 ut
177 782 215 841 de
228 781 385 859 prioribus,
395 802 464 859 ergo
477 781 608 841 fideliora
617 788 688 841 sunt
701 788 809 852 nostra,
820 782 969 862 magisque
980 780 1130 852 credenda,
1141 803 1156 856 5

18 867 260 964 unorum
281 880 423 958 imagines
444 901 557 959 quoque
579 881 666 941 fidem
685 880 841 941 inveniunt
850 902 860 956 3
879 880 910 941 si
932 881 967 940 de
988 879 1050 941 suis
1070 899 1132 940 sen·

129 980 223 1053 sibus,
250 983 311 1056 jam
339 1000 408 1057 ergo
436 985 618 1039 sacramenta
645 985 745 1040 nostra
771 979 913 1056 imagines
939 980 1134 1057 posteriorum

129 1080 329 1149 habebuntur,
345 1078 421 1162 quod
436 1098 535 1137 rerum
548 1078 642 1137 forma
656 1099 715 1138 non
729 1078 871 1151 sustinet3
893 1098 1043 1157 nunquam
1056 1076 1134 1139 enim

130 1178 423 1272 comQut
436 1178 591 1237 veritatem
603 1177 700 1255 imago
713 1176 870 1255 praecedit.

485 1437 619 1499 ouans
639 1437 786 1500 xnvru.
1146 1479 1177 1516 ,ο

177 1585 247 1645 Aun
266 1588 336 1662 jam,
351 1585 378 1644 si
397 1585 464 1663 quis
484 1585 676 1665 philosophus
693 1587 825 1659 affirmet,
838 1591 874 1647 ut
887 1586 930 1646 ait
944 1586 1085 1646 Laberius
1099 1585 1135 1644 de

134 1684 284 1745 sententia
304 1683 496 1760 Pythagorae,
516 1684 662 1743 hominem
683 1685 748 1745 fieri
769 1706 807 1755 err
825 1684 912 1759 mulo,
931 1685 1079 1745 colubram
1099 1705 1136 1743 ex

134 1783 269 1855 muliere,
295 1790 326 1840 et
359 1781 393 1839 in
420 1801 484 1841 earn
511 1782 679 1864 opinionem
707 1783 804 1844 omnia
830 1788 1003 1870 argumenta
1029 1783 1136 1860 eloquii

134 1882 249 1943 virtute
263 1879 428 1952 detorserit,
442 1900 537 1939 nonne
552 1874 725 1940 consensum
743 1880 872 1942 movebit
886 1887 916 1940 et
932 1881 1019 1941 fidem
1032 1881 1137 1959 infiget

135 1979 230 2040 etiam
250 1979 287 2038 ah
309 1978 486 2045 animalibus
511 1978 701 2047 abstinendi!
729 1987 940 2058 proptereaque
963 2000 1134 2059 persuasum
1147 2012 1177 2064 15

136 2077 207 2157 quis
228 2077 282 2138 hoc
304 2078 420 2149 babeat,
443 2098 479 2135 ne
504 2079 580 2136 forte
603 2078 745 2137 bubulam
769 2079 805 2137 de
830 2078 928 2155 aliquo
951 2098 1060 2157 proavo
1084 2071 1192 2146 suo'‘²,

136 2178 266 2236 obsonet.
322 2176 364 2234 Ae
390 2175 469 2234 enirn
500 2175 696 2248 Christianus,
725 2176 751 2236 si
779 2177 816 2235 de
843 2176 959 2237 homine
990 2176 1137 2237 hominem

136 2272 294 2352 ipsumque
321 2275 358 2333 de
383 2274 454 2334 Caio
480 2273 585 2332 Caium
613 2274 750 2334 reducem
773 2275 968 2352 repromittat,
990 2275 1138 2354 lapidibus

1366 2233 1370 2244 ι

1176 2309 1291 2392 χὴ·1

137 2372 243 2450 magis,
257 2392 310 2434 nec
329 2373 431 2450 emtam
449 2372 603 2461 Q
613 2393 632 2433 a
646 2373 756 2450 populo
769 2375 924 2451 exigeturt
965 2375 1058 2449 Quasi
1071 2396 1139 2449 non,
1150 2377 1177 2415 μ

138 2491 340 2550 quaecumque
367 2470 443 2531 ratio
469 2475 586 2549 praeest
612 2471 775 2531 animarum
799 2473 994 2534 humanarum
1015 2474 1048 2533 in
1075 2495 1180 2540 cor-ro

175 2643 197 2678 2.
215 2633 435 2685 occupaverunt,
449 2627 531 2677 ‘have
541 2628 716 2692 antimpated!

172 2718 197 2766 4
215 2706 251 2751 de
263 2707 368 2751 nostris
385 2706 576 2764 sacramentis,
597 2704 676 2752 ‘from
692 2719 740 2752 ons·
755 2702 904 2770 mysteriee,’
922 2722 951 2754 or
968 2705 1138 2766 ‘doctrines'3

137 2792 182 2827 aee
192 2780 261 2836 note,
272 2775 311 2825 ch
325 2786 347 2839 7.

173 2850 198 2899 8.
215 2866 361 2908 nunquam
377 2887 384 2901 .
396 2887 404 2901 .
417 2888 423 2899 .
438 2855 590 2901 veritatem
600 2854 694 2909 imago
708 2854 860 2909 praecedit.
893 2854 926 2903 So
937 2854 1013 2918 again
1022 2854 1051 2904 of
1061 2853 1138 2903 Gath-

139 2925 191 2975 olio
208 2925 281 2973 truth
301 2925 352 2973 and
371 2925 468 2990 heresy,
486 2926 516 2974 de
531 2942 644 2988 praescr.
661 2925 732 2977 haer.
751 2941 791 2990 29,
813 2926 871 2975 ‘sed
890 2928 958 2975 enim
976 2927 1004 2975 in
1023 2927 1138 2976 omnibus

140 2999 239 3048 veritas
250 2998 386 3062 imaginem
397 3001 540 3058 antecedit3
557 3006 614 3064 post
630 3016 684 3049 rem
701 3001 841 3050 similitudo
858 3001 971 3051 succedit
979 2998 1000 3061 ’3
1016 3016 1095 3065 comp.
1107 3001 1138 3051 de

140 3087 213 3123 eum.
225 3072 287 3123 chr.
302 3086 331 3130 a;
348 3075 406 3122 odo.
417 3074 504 3123 Marc.
514 3075 532 3122 i.
546 3087 568 3131 1,
581 3088 620 3130 πο,
631 3078 695 3135 etc.;
712 3076 770 3126 udo.
782 3076 866 3124 Pruu.
879 3090 902 3124 2.

177 3159 215 3195 11.
232 3149 380 3196 Laberius.
413 3149 439 3195 A
450 3147 593 3197 celebrated
604 3148 672 3197 farae
683 3150 778 3206 writer,
786 3149 843 3198 who
853 3149 913 3198 died
924 3160 948 3199 s.
957 3161 979 3197 o.
989 3162 1030 3211 43.
1064 3147 1139 3197 Heia

139 3221 287 3272 mentioned
300 3222 363 3270 Hor.
377 3221 434 3271 Sat.
450 3222 468 3270 i.
482 3221 564 3282 10.6;
580 3223 632 3272 and
644 3225 740 3287 quoted
753 3224 867 3274 Macrob.
883 3224 912 3272 ii.
929 3235 943 3288 7
954 3240 961 3285 ;
977 3238 1056 3287 comp.
1068 3222 1139 3274 Suet.

140 3296 199 3348 Jsl.
215 3297 286 3345 Gaea.
299 3310 338 3359 39.

178 3372 215 3419 18.
233 3372 302 3418 Oaio
314 3373 421 3419 caium
455 3370 502 3419 See
514 3375 583 3430 note,
594 3370 634 3420 ch.
647 3385 670 3433 3.

178 3459 215 3510 19.
234 3448 323 3502 Quasi
334 3461 393 3495 non
405 3481 412 3495 .
424 3484 431 3498 .
444 3481 451 3495 .
463 3452 547 3495 erunt
558 3449 683 3496 aliunde.
711 3447 744 3496 So
752 3446 813 3498 Ood.
822 3447 897 3497 rulo„
926 3448 980 3497 The
991 3463 1057 3496 verr.
1069 3447 1139 3497 lectt.

140 3520 170 3572 in
178 3520 231 3570 this
242 3536 347 3584 passage
359 3536 426 3569 seem
439 3521 498 3585 only
507 3522 646 3585 explicable
658 3538 691 3570 on
703 3523 747 3571 the
756 3523 913 3586 supposition
925 3523 953 3573 of
961 3540 977 3573 a
988 3522 1082 3572 second
1088 3523 1141 3571 edi·

140 3596 198 3646 tion
208 3595 237 3643 of
245 3595 290 3645 the
306 3596 439 3659 Apology3
456 3611 498 3644 see
508 3601 577 3654 note,
590 3596 628 3644 ch.
639 3608 669 3659 19
672 3598 753 3660 flag.
785 3596 829 3646 Aa
841 3597 884 3646 ‘si
897 3613 1061 3663 quaecunque
1074 3598 1141 3646 ratio

141 3675 243 3738 praeest
254 3671 397 3719 animarum
408 3671 577 3719 humanarum
587 3671 823 3734 reciprocandarum
834 3672 983 3736 incorpora,
995 3689 1041 3721 cur
1050 3688 1102 3722 non
1112 3674 1141 3724 in

141 3745 249 3795 eandem
261 3745 430 3793 substantiam
441 3745 557 3803 redeant,
569 3760 626 3793 cum
637 3745 684 3794 hoc
696 3748 731 3796 sit
741 3746 845 3796 restitui
856 3747 884 3796 id
895 3763 957 3809 esse,
965 3748 1032 3812 quod
1040 3747 1141 3797 fustati

140 3822 205 3872 Jam
216 3834 267 3870 non
278 3821 347 3885 ipsae
359 3826 426 3878 sunt,
437 3836 502 3885 quae
518 3820 629 3882 fuerant,
640 3822 702 3885 quia
717 3838 769 3871 non
785 3826 923 3886 potuerunt
939 3839 1000 3888 esse,
1011 3823 1079 3888 quod
1089 3838 1142 3872 uon
