2784 4242
144 246 260 314 cmx]
344 238 502 305 adversus
526 237 643 341 Gentes
655 250 721 323 pro
747 237 953 307 Christiam'n
1105 258 1147 317 41

144 411 286 484 fideliora,
308 431 397 488 qnam
416 412 495 488 apud
514 411 609 489 ipsam
629 410 760 483 Italiam,
780 411 814 471 in
833 432 893 490 qua
913 412 1060 473 Saturnus
1080 416 1150 489 poet

143 510 255 570 multas
268 509 469 588 expeditiones
477 516 602 588 postque
610 508 713 570 Attice
722 510 852 588 hospitia
860 512 999 586 consedit,
1009 516 1150 589 exceptus

144 630 164 669 a
183 609 270 681 Jano,
292 609 339 668 vel
359 609 443 682 Jane,
458 614 494 668 ut
514 607 588 669 Selii
601 609 714 669 volunt.
756 609 850 682 Mons,
872 630 958 688 quem
978 610 1148 681 incoluerat,

144 705 307 768 Saturnius
320 707 439 780 dictue;
460 707 573 781 civitae,
588 727 677 783 quam
691 707 888 785 depalaverat,
904 708 1043 769 Saturnia
1056 728 1148 788 usqne

144 826 223 866 nunc
237 812 301 879 est3
322 810 387 867 tota
400 803 526 882 denique
540 805 638 877 Italia,
652 811 720 884 poet
736 805 917 879 Oenotriam,
927 806 1067 867 Saturnia
1080 821 1172 885 cog-5

144 904 361 964 nominabatur.
401 904 451 964 Ab
463 904 528 984 ipso
541 902 669 982 primum
688 903 807 964 tabulae
819 910 851 964 et
864 905 995 983 imagine
1015 905 1149 983 signatus

144 1023 289 1075 nummus,
301 1011 332 1063 et
342 1003 411 1062 inde
425 1004 536 1063 aerario
550 1002 707 1082 praesidet.
740 1002 849 1062 Tamen
859 1003 979 1064 sihomo
991 1003 1148 1074 Saturnus,

144 1101 248 1180 utique
266 1121 304 1160 ex
320 1100 446 1174 homine,
460 1106 492 1162 et
505 1101 575 1180 quia
594 1101 632 1161 ab
645 1099 762 1160 homine
776 1121 835 1161 non
853 1101 958 1179 utique
971 1102 1008 1161 de
1024 1103 1103 1162 caelo
1117 1109 1149 1162 et

143 1206 234 1261 terra.
289 1199 348 1260 Sed
368 1202 451 1277 cnjus
471 1206 608 1278 parentes
629 1199 724 1277 ignoti
744 1206 836 1272 erant,
858 1200 943 1260 focile
966 1198 1027 1261 fuit
1046 1221 1148 1261 eorum

142 1297 239 1357 filium
260 1298 327 1371 dici,
345 1319 470 1378 qnorum
489 1303 520 1358 et
541 1319 639 1357 omnes
659 1319 814 1377 possumus
830 1297 932 1358 videri.
974 1299 1049 1374 Quis
1069 1298 1189 1359 enim10

143 1417 203 1456 non
230 1397 343 1456 caelum
366 1401 398 1458 et
421 1402 532 1457 terram
555 1401 681 1457 matrem
704 1402 735 1456 et
758 1403 873 1475 patrem
894 1397 1092 1458 venerationis
1116 1404 1148 1459 et

143 1493 263 1554 honoris
287 1493 383 1572 gratia
407 1495 543 1573 appellet,
568 1496 617 1556 vel
637 1516 675 1556 ex
695 1495 907 1555 consuetudine
931 1494 1067 1569 hnmana,
1088 1516 1148 1574 qua

142 1592 240 1670 ignoti
262 1594 309 1654 vel
337 1615 374 1654 ex
401 1594 553 1671 inopinato
580 1600 756 1673 apparentes
781 1582 817 1653 de
842 1594 922 1654 caelo
946 1595 1147 1673 supervenisse

143 1692 308 1752 dicunturt
349 1692 475 1752 Proinde
493 1692 621 1754 Saturno
640 1692 792 1771 repentino
808 1693 919 1770 ubique
933 1693 1067 1753 caelitem
1079 1714 1147 1754 con·

142 1790 216 1868 tigit
229 1789 296 1851 dici.
337 1790 369 1850 N
370 1812 417 1851 em
436 1797 466 1851 et
480 1799 575 1852 terrae
594 1791 670 1851 filios
683 1793 792 1869 vulgus
805 1797 899 1864 vocnt,
914 1813 1042 1870 quorum
1054 1809 1187 1871 genns15

142 1888 289 1949 incertum
305 1897 359 1950 eet.
401 1890 491 1950 Taceo
512 1890 590 1967 quod
610 1890 653 1949 ita
669 1890 756 1950 rudes
774 1897 846 1950 tunc
862 1890 993 1950 homines
1011 1892 1147 1969 agebant,

143 1995 178 2047 ut
192 1988 349 2065 cujuslibet
366 1989 436 2048 novi
450 1988 510 2050 viri
530 1994 651 2067 aspectu
664 1988 749 2067 quasi
769 1988 871 2048 divino
885 1995 1146 2063 commoverentur,

142 2107 236 2164 quum
253 2086 338 2145 hodie
348 2086 419 2165 jam·
430 2087 525 2165 politi,
540 2108 613 2165 quos
631 2093 702 2148 ante
722 2108 830 2165 pancos
846 2087 909 2147 dice
927 2088 1010 2149 luctu
1029 2087 1147 2167 publico

143 2191 274 2247 mortuos
295 2185 357 2246 sint
380 2186 510 2260 confessi,
534 2186 567 2245 in
590 2187 658 2247 deos
682 2191 861 2248 consecrent.
917 2186 998 2247 Satis
1021 2190 1083 2265 jam
1110 2188 1147 2246 de

143 2285 282 2356 Saturno,
291 2284 360 2345 licet
372 2285 481 2364 paucis.
501 2286 603 2345 Etiam
616 2286 637 2345 J
639 2306 723 2346 ovem
732 2286 918 2345 ostendemus
927 2291 989 2345 tam
998 2286 1146 2347 bominem
1157 2312 1188 2346 20

142 2403 233 2461 quam
260 2403 297 2442 ex
321 2383 446 2455 homine,
467 2391 498 2444 et
519 2383 655 2463 deinceps
678 2389 777 2444 totum
800 2384 918 2464 generis
939 2404 1061 2445 examen
1084 2391 1148 2445 tam

140 2474 269 2542 mortale
286 2502 376 2560 quam
395 2482 514 2543 seminis
533 2482 580 2543 sui
600 2503 664 2562 por.

180 2696 203 2731 2.
219 2687 355 2740 exceptus
365 2697 383 2732 a
394 2685 477 2732 Jeno.
508 2683 574 2732 Aur.
586 2682 656 2731 Vict.
668 2683 735 2746 oriq.
746 2688 811 2746 pest.
821 2682 894 2733 Rom.
906 2696 930 2745 3.

176 2771 201 2819 4.
218 2759 415 2814 depalaverat:
433 2774 450 2806 a
458 2757 513 2806 lete
523 2756 594 2805 word
603 2771 611 2816 ;
626 2756 667 2804 lit.
681 2758 690 2782 ⁴
696 2761 724 2805 to
735 2756 808 2804 mark
822 2756 860 2805 off
867 2756 931 2806 with
939 2756 1039 2821 palinge
1048 2754 1149 2822 (pale),'

141 2831 196 2883 and
207 2847 235 2880 eo
245 2835 253 2860 ‘
262 2837 290 2880 to
299 2829 398 2891 found)
410 2834 418 2859 ‘
424 2828 566 2885 emoliri?
598 2829 654 2880 'she
664 2830 735 2880 word
745 2846 829 2881 recnrr
841 2832 902 2896 only
911 2832 980 2881 Tert.
990 2832 1048 2881 adv.
1057 2833 1147 2881 Herm.

143 2920 185 2971 29,
203 2905 341 2970 ‘depalans
358 2904 541 2969 quodammodo
551 2904 676 2953 mnndum
685 2902 708 2963 '3
725 2904 777 2954 and
788 2906 846 2957 cdv.
857 2906 942 2956 More.
954 2922 979 2955 v.
993 2904 1017 2966 6,
1030 2905 1147 2970 ‘cepam

142 2986 227 3029 torem
243 2978 391 3043 discipliuae
408 2975 544 3038 divinae';
560 2978 588 3026 in
607 2976 670 3026 both
687 2978 718 3026 of
725 2977 810 3027 which
827 2994 896 3028 caree
913 2980 936 3028 it
952 2980 974 3027 ie
990 2979 1075 3028 better
1090 2995 1147 3028 con—

52 3066 59 3076 ·
143 3053 240 3104 neoted
250 3052 315 3102 with
325 3051 448 3117 depdlme
458 3053 523 3101 than
533 3051 596 3101 vitb
607 3050 733 3115 depellare
744 3052 821 3115 (from
828 3053 940 3117 polam).

178 3126 204 3177 6.
222 3130 346 3184 imatine
364 3129 493 3184 signatus
508 3139 648 3175 nummus.
682 3126 748 3176 Ieid.
769 3126 843 3191 On‘q.
860 3128 913 3177 xvi.
932 3134 962 3189 17
971 3141 980 3186 ;
994 3126 1062 3177 Aur.
1077 3126 1147 3177 Vict.

146 3201 414 3266 oriq.9enc.120m.3.

177 3291 200 3340 9.
220 3278 278 3324 Sed
288 3277 370 3333 cutus
383 3279 523 3332 parentes.
557 3272 598 3322 Os.
611 3275 678 3323 Aur.
690 3273 761 3323 Vict.
773 3273 808 3322 ib.
820 3273 839 3324 i.
854 3287 875 3324 r.

180 3366 219 3415 13.
238 3357 407 3410 apparentes
431 3356 466 3401 de
489 3353 570 3401 eaelo
592 3354 799 3408 supervenisse.
831 3351 918 3414 Oomp.
941 3351 1007 3399 Acte
1029 3351 1082 3401 xiv.
1102 3365 1147 3412 1²3

142 3428 234 3479 xxviii.
249 3426 273 3476 6.
306 3427 361 3477 The
377 3427 561 3491 expressionis
577 3443 594 3475 a
609 3427 753 3490 proverbial
770 3441 825 3487 one,
842 3427 921 3475 taken
936 3425 1001 3474 from
1017 3426 1062 3476 the
1077 3428 1146 3478 thee

141 3504 219 3554 trient
241 3504 427 3564 contr-ivancee,
447 3502 499 3551 end
520 3516 631 3552 ansvere
653 3506 682 3551 to
701 3501 746 3550 the
764 3500 849 3550 Greek
868 3501 1037 3563 οὐρανοπετεῖς
1043 3518 1051 3563 ;
1067 3520 1146 3569 comp.

141 3579 234 3638 above,
244 3576 284 3626 eb
295 3591 322 3640 4,
333 3582 431 3640 ‘neque
442 3577 511 3626 enim
522 3575 555 3625 de
565 3576 634 3625 caelo
644 3573 714 3624 ruit?

179 3666 219 3716 15.
236 3656 331 3700 term
346 3653 430 3703 filios.
463 3651 491 3700 Δ
501 3649 644 3714 proverbial
659 3649 734 3698 mode
744 3648 773 3697 or
779 3647 940 3714 deeignsting
950 3666 966 3698 a
981 3662 1042 3699 man
1058 3650 1087 3700 of
1100 3662 1146 3701 nn·

140 3729 236 3776 known
246 3726 344 3787 origin:
361 3724 432 3774 Pers.
444 3725 480 3773 vi.
493 3737 542 3788 593
559 3723 647 3773 Oioero
656 3726 716 3773 Ast.
727 3723 745 3772 i.
760 3736 798 3784 13.
809 3738 833 3787 4

175 3815 214 3866 19.
232 3803 265 3849 tn
276 3802 348 3850 deoc
359 3804 541 3850 consecrent:
558 3797 715 3862 reteningto
723 3797 769 3847 the
775 3798 918 3863 apotheosis
925 3798 953 3847 of
958 3798 1004 3848 the
1010 3814 1143 3864 emperors.
