2784 4242
126 234 193 284 Car.
207 227 287 293 xii]
366 218 523 284 adversus
547 217 663 283 Gentes
676 230 741 303 pro
756 217 972 285 Christianis.
1073 235 1132 301 127

123 392 240 470 populo
254 390 446 464 denuntiatis,
456 389 568 450 caelum
582 390 662 468 apud
677 390 859 467 Capitolium
870 390 1022 469 quaeritis,
1033 390 1136 451 nubila

124 490 378 568 defflaqnearibus
399 488 585 566 exspectatis,
598 489 695 548 aversi
716 489 755 549 ab
775 489 840 567 ipso
861 494 893 550 et
911 490 974 549 Deo
995 495 1026 548 et
1047 490 1134 549 caelo.

23 597 113 660 wi
126 590 196 649 Nos
209 587 413 667 vemjejnnirs
426 588 503 647 aridi
516 594 547 648 et
560 588 641 647 omni
654 587 838 648 continentia
851 587 988 666 expressi,
1003 589 1041 647 ab
1054 587 1136 647 omni

124 688 212 750 vitas
236 688 322 764 fruge
347 687 439 758 dilati,
462 686 495 745 in
523 706 606 761 sacco
633 691 664 746 et
690 685 789 746 cinere
816 687 992 761 volutantes,
1021 686 1135 746 invidia

124 788 243 848 caelum
270 786 430 868 Qus,
454 769 551 845 Deum
572 785 731 863 tangimus,
753 790 786 846 et
813 806 878 845 cum
906 785 1158 855 misericordiams

124 885 347 956 extorserimus,
362 885 381 944 J
383 884 482 963 upiter
495 884 657 945 honoratur
670 905 688 943 a
700 883 792 958 vobis,
807 885 890 945 Deus
905 885 1073 963 negligitur.

513 1239 647 1315 cneus
670 1240 752 1300 rur.

171 1401 237 1459 Vos
257 1399 351 1476 igitur
370 1398 532 1484 Q
551 1397 640 1457 rebus
658 1397 802 1469 humanis,
817 1419 869 1458 vos
888 1398 1134 1475 reipublicorum

125 1498 387 1570 incommodorum,
401 1518 451 1557 vos
466 1497 609 1556 malorum
627 1496 723 1569 illices
739 1517 858 1576 semper,
874 1498 953 1575 apud
967 1518 1039 1575 quos
1054 1498 1134 1558 Deus

126 1598 287 1677 spernitur,
298 1603 412 1656 statuae
426 1597 595 1656 adorantur.
631 1595 743 1672 Utique
757 1596 836 1657 enim
850 1596 1020 1657 credibilius
1033 1596 1135 1656 haberi
1145 1617 1176 1653 10

127 1697 228 1768 debet,
250 1716 318 1755 eum
338 1694 425 1776 ifffil
445 1694 498 1771 qui
518 1693 695 1771 negligatur,
718 1715 805 1772 quam
825 1694 878 1772 qui
899 1679 1053 1754 coluntur':
1082 1700 1135 1754 aut

127 1815 191 1872 nae
211 1794 255 1853 illi
279 1769 467 1872 iniquissimi,
492 1794 518 1853 si
542 1799 664 1871 propter
689 1794 873 1854 Christianos
897 1793 985 1854 etiam
1009 1794 1135 1854 cultores

126 1914 200 1955 suos
213 1893 342 1963 laedunt,
352 1912 423 1970 quos
436 1911 570 1970 separare
580 1891 720 1952 deberent
733 1914 751 1952 a
765 1893 878 1953 meritis
889 1893 1134 1953 Christianorum.

128 1996 208 2065 Hoc,
226 1992 359 2070 inquitis,
379 1991 461 2052 etin
481 1991 580 2051 Deum
597 1998 731 2052 vestrum
751 1997 1011 2072 repergutereest,
1033 1993 1085 2071 qui
1105 2003 1135 2053 et

128 2093 195 2171 ipse
222 2091 356 2169 patiatur
382 2095 504 2168 propter
529 2090 665 2169 profanos
689 2091 779 2151 etiam
803 2092 930 2152 cultores
954 2111 1022 2151 suos
1049 2090 1174 2167 laedi15

128 2189 292 2250 Admittite
306 2190 388 2267 prius
402 2188 608 2266 dispositioncs
622 2191 693 2266 ejus,
708 2194 738 2248 et
752 2209 812 2248 non
826 2189 1043 2266 retorquebitis
1075 2189 1135 2264 Qui

128 2289 211 2349 enim
224 2289 312 2364 semel
325 2293 479 2348 aeternum
489 2286 633 2364 judicium
646 2288 808 2348 destinavit
821 2293 889 2366 post
907 2287 1017 2348 saeculi
1035 2288 1134 2360 finem,

128 2408 191 2448 non
209 2386 384 2466 praecipitat
398 2385 611 2465 discmjcnem,
626 2407 703 2464 quae
721 2393 767 2464 est
785 2388 919 2449 condicio
936 2388 1051 2465 J'ndicii,
1067 2394 1134 2449 ante

128 2487 240 2549 saeculi
259 2487 354 2547 finem.
396 2486 538 2563 Aequalis
558 2492 603 2546 est
622 2486 745 2546 interim
769 2507 857 2566 super
878 2509 962 2548 omne
984 2489 1136 2548 hominum

128 2604 225 2665 genus
245 2592 275 2644 et
296 2584 452 2662 indulgens
474 2590 505 2644 et
526 2584 699 2667 increpaps5
723 2587 886 2646 communia
905 2587 1001 2648 voluit
1022 2607 1083 2648 esse
1105 2595 1177 2648 etro

128 2684 279 2749 commoda
293 2683 425 2761 profanis
440 2688 470 2741 et
480 2683 661 2743 incommoda
674 2683 743 2757 suis,
755 2690 790 2744 ut
803 2685 867 2763 pari
881 2686 1026 2766 consortio
1037 2707 1135 2746 omnes

128 2792 163 2845 et
176 2782 331 2842 lenitatem
344 2785 406 2858 ejus
420 2787 451 2841 et
464 2783 652 2858 severitatem
665 2773 876 2861 experiremur.
917 2785 994 2860 Quia
1007 2781 1136 2845 haesita
1212 2851 1217 2860 ,

33 2900 39 2910 ·
128 2860 289 2943 didicimus
301 2882 379 2957 apud
393 2881 498 2959 ipsum,
513 2880 662 2958 diligimus
681 2879 845 2955 lenitatem,
858 2884 1016 2943 metuimus
1030 2883 1136 2944 severia

128 2989 233 3054 tatem,
247 3000 298 3039 vos
313 2985 414 3040 contra
427 2986 581 3058 utramque
595 2979 748 3057 despicitis
760 2991 768 3039 i
790 2988 820 3046 et
834 2983 978 3058 sequitur,
987 2987 1022 3041 ut
1036 3001 1135 3042 omnes

128 3079 240 3143 saeculi
253 3078 357 3157 plagae
371 3078 462 3150 nobis,
477 3078 503 3137 si
516 3077 600 3150 forte,
614 3078 647 3137 in
660 3079 899 3154 admonitionem,
908 3081 990 3140 vobis
1004 3080 1036 3139 in
1050 3080 1133 3139 casti·
1146 3103 1175 3152 25

128 3240 230 3291 caelum
241 3244 268 3289 st
279 3242 334 3288 aret
346 3253 437 3298 annus,
448 3236 611 3300 nudipedalia
621 3237 816 3300 denuntiantur,
827 3237 993 3301 magistratus
1009 3252 1133 3301 purpuras

128 3320 239 3382 ponunt,
250 3314 329 3364 maces
340 3319 408 3362 retro
419 3317 548 3374 avertunt,
559 3328 659 3377 precem
669 3312 820 3378 indigitant,
833 3313 943 3363 hostiam
953 3311 1116 3363 instaurant)

165 3402 188 3438 1.
205 3391 306 3438 nubila
322 3391 358 3436 de
374 3389 554 3445 laquearibus
571 3390 759 3445 exspectatis:
776 3403 857 3452 comp.
869 3387 909 3438 ch.
922 3402 961 3451 ²4,
975 3388 1073 3436 ‘nubes
1084 3403 1131 3435 nu-

128 3468 213 3515 meret
223 3460 315 3522 orans,’
326 3466 373 3512 ete.

166 3539 205 3586 18.
223 3550 282 3586 non
298 3538 468 3593 praecipitat
487 3537 696 3585 dimretionem.
730 3536 817 3599 Oomp.
830 3536 939 3585 Parable
955 3535 983 3585 of
990 3535 1036 3584 the
1047 3533 1133 3591 Terea,

129 3614 156 3663 S.
164 3611 306 3661 Mattxiii.
319 3611 463 3675 28-30,49;
480 3611 531 3659 and
538 3626 596 3660 xxv.
609 3624 648 3672 32.
683 3610 723 3659 On
734 3611 910 3676 pruetpttore,
926 3614 970 3660 ‘to
981 3612 1071 3660 hasten
1079 3626 1134 3675 pre·

129 3683 274 3750 maturely,'
286 3691 406 3744 assuete,
418 3685 457 3733 ch.
470 3697 509 3733 υ.
1048 3669 1067 3692 “

166 3775 204 3826 ru
224 3763 360 3817 Aequalis
370 3764 414 3808 ast
424 3761 548 3808 interim
583 3757 609 3808 S.
621 3758 700 3809 Mart
713 3775 738 3809 v.
750 3772 791 3822 45.

166 3848 206 3898 ²5·
224 3836 353 3884 siiorts:
371 3830 714 3893 tiiwsieelthematall’;
731 3832 955 3897 seenote,ch.16,
