2784 4242
281 220 344 284 142
450 267 451 270 ,
558 201 761 267 Tertulliani
779 200 1007 286 apologetica
1090 211 1164 276 [cn.
1177 217 1281 266 xsvm
1317 119 1362 290 „ri

1269 297 1317 378 as

277 372 413 447 Christo,v
431 372 604 435 transmissa
629 389 684 451 per
710 373 830 434 comites
857 373 959 451 ipsius,
988 372 1096 451 quibus
1124 369 1281 452 aliquanti

276 471 451 550 posteriores
464 470 574 531 diversi
589 470 641 532 isti
654 477 894 533 commentatores
914 472 1129 549 probabuntur.
1172 472 1281 532 Omnia

276 572 417 638 adsersus
429 570 583 629 veritatem
596 571 632 631 de
646 570 711 649 ipsa
721 570 847 631 veritate
861 577 1029 632 constructa
1041 576 1121 642 sunt,
1130 572 1281 648 operanti-

277 670 333 729 bus
347 667 568 728 aemulationem
586 668 674 729 istam
688 668 843 747 spiritibus
890 690 906 727 r
941 669 974 728 ‘.
1009 667 1058 728 Ab
1071 669 1119 730 his
1132 669 1282 729 adultos-ia

252 768 443 844 shnjusmodi
465 768 601 827 salutaris
615 767 790 846 disciplinae
811 689 989 840 &3
1009 766 1114 828 abhis
1135 768 1280 845 quaedam

276 867 366 927 etiam
389 865 503 926 fabulae
523 866 679 938 immissae,
702 887 776 944 quae
800 867 837 927 de
860 866 1054 926 similitudine
1079 866 1170 927 fidem
1197 867 1281 926 infir·

276 970 391 1028 merent
404 964 549 1038 veritatis,
562 967 611 1026 vel
625 986 690 1025 eam
709 966 765 1025 sibi
779 965 877 1043 potius
891 964 1067 1036 evincerent,
1082 971 1118 1023 ut
1132 965 1200 1043 quis
1213 966 1280 1026 ideo

276 1084 335 1123 non
349 1069 435 1142 putet
450 1064 627 1124 Christianis
641 1065 828 1138 credendum,
842 1063 912 1143 quia
928 1085 982 1126 nec
1001 1063 1105 1141 poetis,
1119 1084 1175 1123 nec
1187 1064 1278 1143 philo·

277 1162 383 1241 sophis,
405 1164 453 1222 vel
474 1163 539 1223 ideo
560 1163 653 1241 magis
673 1163 768 1241 poetis
789 1172 820 1225 et
840 1162 1021 1242 philosophis
1046 1161 1197 1222 existimet
1217 1141 1323 1222 cre-‘i

238 1262 413 1334 rodendum,
436 1261 505 1339 quia
529 1283 587 1323 non
612 1261 799 1324 Christianis.
840 1262 947 1340 Itaque
971 1269 1001 1322 et
1027 1261 1160 1321 ridemur
1183 1262 1278 1321 Deum

276 1359 478 1437 praedicantes
488 1359 698 1435 judicaturum.
740 1360 789 1420 Sic
803 1360 926 1419 enimet
944 1366 1049 1436 poetae
1062 1365 1093 1419 et
1111 1358 1279 1437 philosophi

275 1458 407 1517 tribunal
427 1459 505 1537 apud
525 1458 633 1518 inferos
654 1463 777 1538 ponunt.
818 1457 853 1519 Si
874 1458 1037 1535 Qum
1059 1457 1279 1530 comminemur,

276 1577 351 1634 quae
375 1563 421 1617 est
443 1556 522 1633 ignis
545 1555 645 1618 arcam
670 1558 878 1632 subterraneus
902 1556 940 1616 ad
964 1575 1087 1633 poenam
1111 1555 1277 1626 thesaurus,

276 1655 397 1733 proinde
418 1654 669 1715 decachinnamur.
712 1655 760 1716 Sic
781 1654 859 1715 enim
880 1660 911 1715 et
931 1654 1181 1734 Pyriphlegethon
1201 1655 1279 1732 apud

238 1761 406 1825 15m0rtuos
433 1753 527 1813 amnis
553 1759 607 1813 est
648 1754 690 1815 Et
718 1755 743 1813 si
770 1754 940 1832 paradisum
966 1752 1159 1826 nominemus,
1184 1754 1278 1812 locum

275 1852 392 1913 divinae
416 1852 603 1912 amoenitatis
625 1852 800 1930 recipiendis
826 1857 994 1912 sanctorum
1016 1850 1170 1930 spiritibus
1191 1851 1278 1912 desti·

311 2029 333 2065 1.
349 2020 515 2067 transmissa
530 2032 581 2075 per
597 2020 715 2067 comites
727 2019 827 2075 ipsius.
864 2017 897 2066 So
915 2015 944 2065 dc
951 2032 1067 2079 praescr.
1081 2015 1150 2066 taes.
1165 2032 1215 2079 32:
1235 2018 1279 2067 the

276 2091 406 2140 historical
420 2091 530 2156 validity
541 2092 568 2140 oi
582 2091 628 2141 the
644 2091 736 2155 regola
745 2092 814 2157 fidei
830 2093 852 2140 is
869 2091 954 2141 traced
971 2091 1036 2140 from
1053 2091 1141 2142 Christ
1157 2092 1210 2141 and
1227 2094 1277 2141 His

278 2164 398 2228 Apostles
408 2165 519 2229 through
530 2165 574 2214 the
585 2165 686 2229 hishops
697 2165 777 2215 nithe
787 2166 885 2215 several
896 2165 1027 2225 churches,
1040 2166 1170 2215 ‘ordinem
1183 2168 1276 2230 episco-

278 2254 367 2302 porum
384 2276 391 2288 .
408 2276 416 2288 .
434 2275 441 2288 .
458 2256 503 2303 per
522 2241 689 2291 successiones
707 2241 740 2290 ab
757 2241 834 2290 initio
851 2239 1044 2290 decurrentem?
1086 2240 1135 2290 See
1153 2242 1275 2291 Irenaeus

278 2314 335 2362 adu.
352 2314 422 2364 taes.
438 2313 474 2364 iv.
495 2314 534 2363 26.
556 2327 579 2364 s.
611 2314 744 2363 Thiauna
764 2315 944 2364 traditiones
963 2314 1009 2363 the
1026 2319 1099 2379 great
1118 2316 1187 2365 bond
1206 2315 1276 2380 (cos-

279 2386 424 2450 temeratio)
435 2387 536 2452 linking
551 2388 669 2453 together
683 2388 729 2437 the
745 2393 803 2438 true
819 2390 943 2437 members
960 2390 988 2438 oi
1001 2387 1046 2439 the
1058 2389 1177 2451 Chnrch3
1193 2406 1234 2438 see
1245 2389 1276 2437 de
1359 2415 1361 2484 p

278 2477 386 2526 prosse.
401 2462 470 2511 taor.
485 2475 524 2524 so,
538 2462 577 2524 36.
1360 2495 1361 2504 .

313 2550 335 2586 2.
351 2540 521 2593 posteriores
539 2539 646 2587 diversi
662 2537 714 2585 isti
730 2541 973 2587 commentatores.
1000 2538 1159 2602 Argumenta
1176 2539 1275 2603 against

278 2609 387 2659 heretice
405 2627 472 2659 were
490 2611 637 2676 frequently
654 2611 733 2662 based
753 2628 786 2660 on
803 2611 848 2661 the
866 2614 971 2676 novelty
987 2628 1016 2660 or
1036 2612 1148 2662 lateness
1168 2613 1196 2661 of
1209 2613 1277 2663 their

279 2684 388 2748 dogmas,
395 2686 446 2734 and
455 2686 498 2734 the
510 2686 660 2749 superiority
667 2686 695 2735 of
703 2686 818 2737 Catholic
829 2687 999 2750 Christianity
1009 2686 1200 2737 demonstrated
1211 2687 1275 2736 from

278 2760 313 2808 its
324 2760 460 2825 antiqnity.
488 2759 535 2808 Sec
546 2760 603 2810 ads.
615 2761 734 2824 Hermoy.
747 2775 759 2810 1
773 2761 880 2825 (quoted
890 2761 917 2809 in
928 2768 996 2820 note,
1007 2760 1046 2810 ch.
1061 2765 1087 2826 7)
1098 2777 1105 2821 ς
1121 2763 1151 2811 de
1160 2778 1275 2825 praescr.

277 2835 348 2883 haer.
362 2848 400 2898 ²9›
412 2849 461 2896 303
477 2835 574 2884 Athen.
586 2838 652 2886 orat.
664 2840 743 2884 contr.
755 2837 847 2885 Aetas.
859 2836 876 2886 i.
889 2837 904 2885 8
915 2851 922 2895 ς
937 2837 968 2885 do
982 2834 1071 2887 concil.
1082 2837 1165 2885 isim.
1177 2852 1201 2899 4,
1213 2837 1276 2885 with
1359 2873 1360 2876 ,

175 2913 178 2918 ’
278 2910 324 2960 the
335 2916 407 2960 notes
418 2910 446 2958 in
458 2909 512 2959 Lo.
524 2909 598 2959 Foth.
1359 2907 1360 2912 ’

312 2999 335 3047 3.
353 2988 538 3043 operantibus
553 2986 773 3034 aemulationem
789 2985 875 3033 istam
891 2987 1040 3053 spiritibus
1053 2989 1177 3036 erroris:
1194 3003 1275 3051 comp.
1359 2987 1360 3000 ¹

279 3057 318 3108 ch.
339 3072 377 3121 21,
399 3060 460 3121 ‘qui
482 3074 558 3121 penes
575 3074 620 3108 vos
637 3053 761 3122 ejusmodi
779 3057 878 3108 fabulas
897 3060 1009 3109 aemulas
1027 3059 1061 3109 ad
1079 3060 1277 3110 destructionem

279 3132 396 3182 veritatis
407 3132 549 3181 istiusmodi
566 3133 838 3195 praeministraverunt
846 3130 854 3153 '
859 3149 866 3193 ς
884 3148 925 3182 see
936 3137 1007 3195 note,
1018 3134 1058 3183 oh.
1072 3147 1095 3182 2.

313 3204 337 3254 6.
354 3221 426 3264 qnae
438 3209 473 3254 de
485 3210 691 3255 similitudino:
711 3205 807 3254 ‘which
824 3205 889 3255 from
904 3207 972 3256 their
988 3207 1099 3256 likeness
1110 3212 1138 3256 to
1148 3207 1193 3257 the
1203 3209 1277 3258 truth

278 3281 369 3331 should
380 3281 471 3344 impair
482 3282 517 3329 its
528 3281 755 3342 trustworthiness‚
766 3297 796 3329 or
805 3282 893 3330 rather
904 3281 1014 3346 entirely
1025 3298 1103 3346 usurp
1114 3281 1149 3332 its
1159 3283 1246 3347 place!

315 3367 353 3417 15.
370 3358 410 3403 nt
425 3358 450 3403 si
463 3358 634 3412 paradisum.
667 3353 833 3404 Tertullian's
845 3358 923 3405 views
939 3372 974 3404 on
990 3356 1036 3405 the
1051 3361 1119 3406 state
1131 3357 1160 3405 oi
1168 3357 1212 3407 the
1223 3360 1278 3407 soul

279 3429 346 3479 aster
354 3428 431 3477 death
440 3429 493 3477 will
504 3430 536 3478 be
546 3429 625 3478 found
635 3430 667 3479 do
682 3429 760 3477 asim.
774 3441 798 3494 7,
810 3441 841 3492 55
853 3429 897 3488 ff.;
913 3430 945 3479 de
954 3445 1001 3479 res.
1014 3446 1086 3481 cars.
1100 3441 1139 3494 17,
1151 3445 1201 3494 43;
1218 3432 1276 3482 odo.

279 3505 361 3551 Marc.
368 3503 404 3551 iii.
415 3516 457 3565 ψ
468 3504 502 3551 iv.
512 3501 700 3566 34;Scorp.12.
716 3503 827 3553 Heheld
833 3503 942 3553 thatthe
950 3504 1064 3570 Martyrs
1073 3505 1125 3554 and
1132 3505 1277 3556 Patsiarchs

280 3577 353 3625 alone
364 3593 430 3625 were
441 3577 566 3627 admitted
577 3577 633 3627 into
645 3577 774 3638 Paradise,
788 3579 839 3628 and
850 3579 908 3628 that
919 3579 992 3632 other
1003 3579 1071 3629 souls
1084 3580 1215 3630 remained
1224 3581 1251 3629 in
1260 3598 1277 3629 a

280 3655 349 3699 state
360 3650 441 3699 either
453 3649 481 3698 oi
487 3651 655 3700 refreshment
669 3668 699 3700 or
714 3657 826 3702 torment
842 3654 964 3717 awaiting
979 3652 1025 3703 the
1036 3653 1148 3717 ‘perfect
1165 3670 1276 3705 consum-

281 3723 377 3771 mation
393 3725 444 3772 and
460 3725 537 3774 bliss’
548 3742 577 3774 or
587 3725 632 3775 the
643 3726 704 3774 final
715 3727 909 3777 condemnation
923 3728 951 3777 ol
960 3728 1004 3777 the
1016 3728 1076 3793 Day
1086 3728 1115 3779 oi
1127 3730 1146 3778 J
1150 3728 1276 3794 udgment.
1357 3757 1358 3812 p

282 3795 329 3843 See
339 3801 399 3845 note
409 3799 437 3846 in
447 3796 508 3848 Lib.
516 3799 596 3851 Foth.
606 3816 648 3864 pp.
662 3799 710 3849 116
716 3800 744 3850 ff.
