2784 4242
150 225 332 290 ciexxlx]
376 216 534 281 adversus
559 216 676 282 Gentes
691 229 756 300 pro
782 217 989 284 Chrasnenis.
1092 238 1150 282 101

150 387 331 464 augustioris
354 386 522 465 majestatis,
547 388 691 467 siqnidem
715 388 822 466 majore
843 388 999 449 formidine
1019 394 1050 450 et
1072 391 1152 449 calli·

150 486 234 546 dioro
247 486 410 546 timiditate
421 487 576 547 Caesarem
590 487 761 560 observatis,
772 509 859 566 quam
872 488 970 565 ipsum
980 488 1016 547 de
1028 488 1154 566 Olympo

151 584 171 642 J
174 605 268 657 ovem,
282 592 313 645 et
333 585 437 645 merito
459 585 484 644 si
505 585 614 645 sciatis.
656 584 733 660 Quis
753 586 831 645 enim
852 607 889 646 ex
907 586 1076 647 viventibus
1096 608 1155 647 non

151 682 285 761 quolibet
297 689 414 743 mortuo
428 689 480 743 tuo
496 684 612 762 potiori
656 683 715 744 Sed
729 705 782 744 nec
796 685 850 744 hoc
862 706 914 745 vos
931 686 1046 745 ratione
1058 684 1159 747 facitis

150 781 251 861 potius
264 801 352 857 quam
364 786 500 859 respectu
512 788 737 859 praesentaneae
750 785 911 862 potestatis,
922 785 994 843 adeo
1007 789 1039 844 et
1051 783 1083 842 in
1096 784 1178 852 istos

151 879 310 957 irreligiosi
323 900 393 957 erga
406 881 475 940 deos
489 886 602 940 vestros
616 881 880 958 deprehendimini,
891 882 944 961 qui
957 883 1026 960 plus
1039 883 1155 943 timoris

151 980 281 1037 humano
294 978 423 1038 dominio
433 978 547 1039 dicatis.
578 978 678 1039 Citius
691 978 818 1057 denique
833 982 913 1058 apud
926 1002 978 1041 vos
991 1002 1044 1059 per
1055 1001 1155 1041 omnes

151 1076 231 1149 deos,
246 1096 334 1153 qnam
347 1097 505 1154 perunum
518 1078 637 1155 genium
651 1077 785 1139 Caesaris
798 1080 956 1157 pejeratur.

521 1276 660 1338 CAPUT
680 1280 791 1338 XXIX.

196 1410 338 1470 Cousrsn
358 1410 453 1488 igitur
471 1410 562 1488 prius,
578 1410 603 1470 si
624 1410 684 1482 isti,
698 1412 809 1489 quibus
826 1412 1015 1483 sacrificatur,
1031 1414 1155 1473 salutem
1168 1436 1197 1471 10

149 1511 326 1587 imperatori
339 1511 386 1569 vel
401 1510 523 1570 cuilibet
541 1510 653 1569 homini
673 1511 821 1589 impertiri
841 1518 974 1590 possunt,
989 1519 1019 1573 et
1039 1514 1082 1573 ita
1103 1535 1156 1573 nos

150 1607 271 1669 crimini
284 1608 419 1669 addicite.
462 1608 495 1669 si
509 1609 607 1686 angeli
621 1614 673 1668 aut
687 1609 849 1682 daemones,
859 1610 1024 1670 substantia
1038 1612 1157 1689 pessimi

150 1707 286 1785 spiritus,
300 1706 472 1766 beneficium
485 1707 606 1786 aliquod
619 1714 789 1785 operantur,
804 1708 830 1767 si
850 1709 960 1786 perditi
974 1715 1155 1782 conservant,

149 1807 180 1866 si
200 1805 331 1865 damnati
350 1806 485 1878 liberant,
503 1805 528 1865 si
550 1807 675 1884 denique
697 1805 789 1886 (quod
809 1807 842 1865 in
863 1808 1041 1867 conscientia
1059 1815 1158 1868 vestra

150 1902 212 1986 est)
225 1905 335 1963 mortni
349 1904 432 1964 vivos
445 1912 584 1966 tuentur:
602 1907 665 1983 jam
679 1908 783 1983 utique
802 1926 869 1966 suas
887 1907 982 1983 primo
1000 1912 1113 1967 statuas
1127 1914 1157 1967 et
1169 1927 1197 1977 15

150 2003 297 2081 imagines
314 2008 346 2063 et
365 2004 451 2063 aedes
469 2010 632 2078 tuerentur,
648 2026 732 2083 quae,
749 2005 852 2081 opinor
871 2005 1028 2064 Caesarum
1048 2005 1157 2066 milites

191 2132 213 2167 1.
229 2121 376 2168 callidiore
399 2121 573 2168 timiditate:
597 2119 675 2169 ‘with
691 2136 708 2169 a
724 2136 792 2169 more
808 2120 962 2183 calculating
978 2119 1158 2182 feerfulness'3

151 2208 235 2256 comp.
246 2194 283 2243 ad
299 2193 364 2242 Nat.
378 2194 393 2242 i.
409 2204 448 2258 17,
460 2194 585 2244 ‘secunda
599 2195 689 2258 religio
704 2194 868 2243 constituitur
884 2194 1052 2244 Caesarianae
1066 2197 1157 2260 majes-

152 2264 247 2327 tatis’3
264 2267 330 2316 Min.
341 2267 396 2318 Fel.
411 2282 449 2331 no
483 2268 544 2319 Cod.
555 2269 631 2317 Fuld.
643 2269 718 2317 reads
729 2269 860 2318 calidiore.

191 2355 213 2389 2.
231 2344 266 2389 de
278 2343 398 2398 olympo
409 2344 518 2390 Jovem.
552 2342 590 2391 Sc
603 2345 736 2405 regentem.

189 2428 213 2475 3„
232 2420 261 2464 et
272 2418 373 2464 merito
385 2418 411 2463 si
422 2417 519 2464 sciatis
530 2433 536 2464 ι
553 2415 619 2464 ‘and
630 2416 728 2480 rightly
738 2419 788 2473 too,
799 2415 822 2463 if
831 2431 880 2479 you
891 2416 954 2481 only
963 2416 1039 2465 knew
1049 2414 1090 2466 is’

189 2502 212 2552 5.
232 2495 467 2547 praesentaneae:
490 2488 533 2538 ‘ot'
546 2491 622 2552 qnick
638 2487 786 2549 execution}
802 2490 875 2539 ‘that
891 2495 1005 2554 operatas
1022 2484 1156 2555 qnicldy'3

152 2564 219 2613 used
229 2564 257 2612 cf
265 2563 353 2628 poison
363 2564 398 2627 by
408 2564 475 2614 Plin.
488 2563 522 2613 N.
533 2564 570 2612 H.
582 2565 649 2613 xxiv.
663 2578 692 2624 13
710 2563 738 2613 of
746 2581 762 2612 a
772 2564 883 2629 remedy,
895 2565 932 2614 id.
946 2565 979 2614 a.
993 2578 1031 2625 ιι,
1043 2578 1156 2629 31‚105;

151 2654 233 2702 comp.
244 2638 346 2688 Sueten.
359 2639 428 2688 Nero
441 2652 478 2699 33.
509 2639 747 2702 Repraesentemus
757 2639 779 2687 is
793 2655 809 2687 a
819 2654 873 2689 var.
887 2638 948 2698 leot,
959 2640 1010 2688 and
1021 2640 1155 2703 according

151 2718 182 2762 to
193 2712 239 2761 the
251 2712 410 2761 dictionariea
424 2712 508 2761 would
523 2712 555 2761 be
565 2727 581 2760 a
591 2710 654 2773 ἅπαξ
664 2718 731 2774 try„
750 2715 810 2761 ‘out
826 2712 854 2761 of
867 2712 958 2777 regard
972 2712 1011 2761 for
1028 2730 1044 2762 a
1054 2718 1156 2777 present

152 2786 253 2853 power'
262 2803 270 2846 ;
286 2802 327 2835 see
337 2792 406 2843 note,
416 2787 456 2835 ch.
469 2796 509 2850 17.

189 2861 213 2909 8.
230 2864 379 2917 pejeratur.
406 2860 537 2926 Pejerata'o
544 2876 591 2924 per
600 2862 702 2925 omium
713 2860 835 2911 Caesarie
845 2876 897 2910 was
908 2877 924 2910 a
934 2861 1051 2910 criminal
1062 2861 1157 2910 offense

154 2936 306 3000 punishable
317 2937 352 3001 by
362 2938 480 3001 beatium
493 2938 620 3002 pejeratio
631 2953 676 3000 per
686 2939 745 2986 dece
756 2953 807 2986 was
820 2937 1001 2999 unreoognined
1011 2937 1047 3002 by
1056 2937 1157 2985 Roman

153 3011 215 3061 law.
249 3010 296 3059 See
312 3026 328 3059 a
343 3011 389 3059 list
405 3010 433 3060 of
447 3010 598 3074 punishable
614 3012 722 3060 offences
738 3011 839 3073 against
851 3010 896 3060 the
911 3010 1002 3059 deified
1015 3011 1158 3074 Augustus,

155 3086 260 3135 Sueten.
274 3087 329 3136 Tit.
341 3088 380 3150 58.
411 3088 452 3137 On
463 3088 587 3150 swearing
597 3088 632 3152 by
642 3088 687 3136 the
698 3088 788 3150 genius
799 3086 827 3135 of
836 3087 880 3136 the
892 3102 1012 3150 emperor,
1024 3102 1066 3137 see
1077 3091 1156 3147 notes,

155 3160 195 3211 ch·
209 3176 235 3225 92
247 3173 287 3221 3²·

191 3249 230 3283 ιο.
248 3239 365 3285 Constet
375 3238 464 3293 igitur
473 3238 562 3293 priua
573 3237 599 3284 ai
605 3239 719 3284 :amm
729 3250 812 3293 reone,
824 3233 954 3283 ‘whether
965 3250 994 3283 or
1003 3250 1037 3284 no
1047 3234 1120 3284 those
1131 3241 1159 3285 to

156 3309 241 3358 whom
252 3346 258 3358 .
269 3345 277 3359 .
291 3344 297 3357 .
311 3325 319 3368 ;
334 3309 386 3358 and
396 3325 424 3358 so
435 3310 462 3357 in
472 3310 524 3358 this
535 3324 592 3373 way
604 3309 640 3372 (et
650 3311 702 3371 ito)
713 3325 857 3374 pronounce
866 3324 897 3357 us
907 3308 1007 3373 guilty.'

192 3396 230 3431 ιι.
249 3385 665 3440 substantiapessimiapiritna:
678 3383 786 3446 ‘spirits
797 3382 933 3431 inessence
941 3386 1007 3430 most
1016 3381 1157 3445 depravad?

192 3470 230 3518 13.
250 3459 275 3504 si
291 3459 398 3513 perditi
417 3462 592 3506 conservant.
626 3456 712 3520 Comp.
729 3457 759 3505 de
773 3456 833 3505 cult.
845 3458 911 3520 fem.
925 3455 942 3505 i.
954 3469 983 3515 ι;
1000 3455 1024 3504 S.
1039 3456 1112 3521 Cypr.
1127 3457 1158 3504 de

155 3530 217 3581 idol.
231 3545 290 3577 aaa.
303 3543 325 3589 1,
338 3529 378 3579 for
387 3530 512 3595 similarly
522 3530 682 3579 oomtructed
693 3530 829 3579 antithetic
840 3534 977 3579 sentences.

192 3603 230 3653 16.
250 3607 400 3653 Caesamm
409 3607 517 3653 milites
524 3608 658 3654 excubiis.
681 3604 767 3668 Comp.
777 3604 808 3653 de
817 3620 898 3654 coroa.
909 3617 937 3651 11
940 3606 963 3665 ,‘
972 3603 1105 3653 excubabit
1113 3619 1159 3668 pro

155 3677 259 3742 templis
274 3678 367 3741 quibus
381 3676 571 3727 renuntiavit’i
603 3678 657 3727 The
671 3678 779 3741 temples
789 3694 856 3728 were
872 3677 935 3727 used
951 3694 978 3728 ae
995 3678 1158 3742 depositoriea

156 3753 187 3804 of
194 3752 295 3816 private
305 3752 439 3802 valuables
452 3768 481 3801 as
491 3753 550 3801 well
566 3769 595 3802 as
611 3752 640 3802 oi
652 3752 740 3801 saored
755 3752 954 3812 treasures‚.and
965 3768 1030 3800 were
1045 3751 1158 3816 guarded

155 3829 192 3892 by
199 3826 312 3877 soldiers.
338 3826 609 3890 Oomp.Arnoh.ri.21
620 3842 627 3887 ;
642 3828 660 3877 J
663 3842 705 3876 nv.
714 3827 765 3876 xiv.
774 3825 819 3875 261
830 3842 837 3886 ;
855 3826 880 3876 S.
889 3825 1006 3890 Cyprcd
1016 3825 1126 3875 Demetr.
1136 3838 1158 3886 3.
