2784 4242
152 246 212 295 cn.
224 240 291 307 vis]
354 230 511 295 adversus
534 229 651 295 Gentes
665 242 729 313 pro
751 228 960 297 Christianis.
1116 246 1155 310 27

152 421 250 475 canes,
275 401 393 463 lenones
417 400 536 473 scilicet,
560 401 749 461 tenebrarum
768 405 800 461 et
820 400 977 461 libidinum
1000 401 1158 480 impiarum

151 500 361 563 inverecundia
387 504 554 579 procurent.
596 499 732 560 Dicimur
758 505 858 560 tamen
881 521 1004 579 semper,
1029 520 1081 560 nec
1105 520 1158 560 vos

151 601 233 677 quod
252 604 314 660 tam
335 600 388 660 diu
408 598 533 659 dicimur
552 619 654 660 eruere
674 599 795 661 curatis.
836 599 915 677 Ergo
935 606 987 661 aut
1008 599 1158 670 eruite,si

151 698 282 771 creditis,
305 705 358 761 eut
386 699 477 760 nolite
504 698 631 772 credere,
654 699 706 777 qui
734 719 792 758 non
820 698 947 758 eruistis
988 699 1035 758 De
1058 703 1157 759 vestra

151 797 237 858 vobis
258 797 491 859 dissimulatione
510 796 729 875 praescribitur,
750 818 810 856 non
829 817 900 869 esse,
921 799 998 875 quod
1022 818 1075 858 nec
1098 798 1182 875 ipsi-,s

82 962 87 971 ,
150 896 268 957 audetis
281 917 391 959 eruere.
432 897 533 973 Longe
551 895 634 955 aliud
653 916 761 954 munus
779 895 909 955 carnifici
929 897 962 954 in
975 896 1158 956 Christianos

150 995 313 1071 imperatis,
331 1016 390 1055 non
409 1000 445 1055 ut
465 995 566 1055 dicant
585 1013 660 1072 quae
681 993 803 1065 faciunt,
824 994 875 1054 sed
894 999 930 1054 ut
950 1001 1059 1075 negent
1080 995 1159 1074 quod

151 1097 237 1152 suut
364 1150 366 1156 .

170 1192 172 1196 ⁴
195 1190 308 1251 Census
328 1191 416 1252 istius
436 1190 616 1269 disciplinae,
633 1196 668 1250 ut
686 1192 748 1266 jam
768 1189 922 1264 edidimus,
937 1210 955 1249 a
970 1190 1087 1251 Tiberio
1105 1197 1158 1251 est.

145 1287 229 1369 ‚cum
249 1289 316 1348 odio
336 1290 383 1350 sui
404 1289 501 1367 coepit
519 1288 638 1359 veritas,
658 1288 747 1347 simul
768 1292 858 1365 atque
879 1288 1023 1367 apparuit,
1039 1289 1158 1350 inimica
1168 1310 1200 1346 ιο

150 1380 237 1446 esses
266 1387 322 1447 Tot
341 1387 439 1447 hostes
460 1390 533 1463 ejus,
546 1393 620 1465 quot
640 1384 781 1458 extranei,
795 1390 827 1446 et
847 1387 967 1464 quidem
987 1388 1100 1466 proprii
1121 1410 1158 1449 ex

64 1558 70 1571 ¹
150 1471 346 1567 aemulatione
367 1485 484 1558 ludaei,
507 1505 544 1544 ex
564 1486 751 1546 concussione
774 1484 894 1557 milites,
916 1506 953 1544 ex
972 1491 1079 1545 natura
1098 1486 1157 1564 ipsi

54 1569 61 1613 3
150 1583 242 1644 etiam
263 1583 414 1644 domestici
438 1584 541 1644 nostri.
582 1583 720 1658 Quotidie
742 1582 916 1657 obsidemur,
938 1584 1069 1661 quotidie
1090 1605 1156 1663 pro·

149 1705 232 1768 μίξεις,
246 1705 287 1755 ecl
304 1706 351 1756 doc
367 1706 432 1770 μήτε
448 1707 536 1755 λαλεῖν
552 1706 615 1769 μήτε
633 1707 699 1755 νοεῖν
714 1704 780 1766 θέμις
796 1707 863 1769 ἡμᾶς
879 1708 961 1758 which
977 1709 1023 1758 the
1037 1709 1156 1759 Gallieau

142 1774 296 1831 'Christiane
314 1799 381 1832 were
399 1775 506 1832 cocused
523 1781 551 1832 of
566 1783 602 1846 by
617 1782 730 1831 houthem
746 1781 838 1842 ssaves,
858 1782 950 1832 Euseb.
965 1798 990 1833 v.
1005 1797 1026 1834 1.
1061 1785 1156 1849 Origen

150 1860 232 1905 states
249 1856 307 1905 that
321 1857 349 1905 in
366 1857 406 1906 his
423 1857 474 1922 day
484 1857 556 1906 these
573 1857 648 1907 libels
659 1872 726 1905 wore
737 1856 848 1906 obsoleto
861 1854 953 1921 (contr.
970 1857 1034 1908 Cels.
1047 1858 1081 1908 vi.
1093 1857 1155 1923 40),

149 1944 232 1992 comp.
244 1929 374 1993 Lightfoot
385 1929 505 1992 Ipeotc'es
516 1930 533 1980 i.
549 1943 589 1992 52.
806 1988 809 1997 Ι

185 2016 208 2066 5.
225 2005 629 2070 praescribitur,alegalterm:
643 2004 1156 2069 praeeem=⁴c010ugoas0murrer,‘

150 2080 158 2105 ‘
170 2083 198 2126 to
209 2078 265 2126 rulo
276 2095 292 2127 a
302 2079 470 2143 preliminary
481 2080 607 2144 objection
618 2077 736 2143 against?
769 2079 830 2128 This
841 2079 864 2129 is
875 2078 921 2129 the
931 2081 1035 2144 general
1046 2096 1118 2130 sense
1129 2081 1157 2129 in

150 2151 302 2211 Tertulliau,
315 2168 395 2216 comp.
407 2153 446 2202 ch.
453 2162 486 2216 47
496 2169 503 2215 ς
521 2154 577 2203 udo.
588 2152 677 2202 Herm.
691 2166 715 2216 1,
727 2153 858 2203 ‘Solemus
868 2153 1003 2204 haereticis
1013 2154 1158 2219 compendii

149 2225 236 2288 gratia
247 2226 279 2275 de
289 2229 438 2290 posteritate
452 2225 648 2291 praescribere';
665 2227 700 2277 ib.
713 2240 744 2290 33
752 2245 760 2288 ς
777 2227 828 2277 and
843 2226 888 2277 the
904 2229 963 2278 title
979 2228 1008 2277 oi
1021 2244 1069 2278 oue
1080 2228 1109 2277 oi
1117 2229 1157 2277 his

148 2299 312 2349 trectiseeun
322 2312 546 2350 rasascnnurosr
557 2313 777 2362 sensumsensurn
795 2303 855 2352 adu.
867 2302 951 2354 Marc.
960 2304 976 2351 i.
989 2317 1012 2363 1,
1024 2303 1159 2353 ‘sedulius

149 2373 253 2422 libellus
261 2374 330 2424 hunc
336 2376 445 2439 gradum
452 2376 588 2426 sustinebit
595 2375 716 2425 adversm
722 2376 863 2426 haereticos
872 2412 893 2426 ..
905 2377 953 2426 ‚de
960 2379 1158 2442 praescriptione

148 2445 288 2497 novitatis)
322 2448 453 2515 Similarly
468 2449 513 2499 the
524 2449 619 2499 adverb
630 2451 638 2478 ‘
645 2448 845 2514 praescriptive:
857 2451 916 2500 ado.
928 2451 1010 2501 dioec.
1023 2451 1058 2501 iv.
1074 2465 1096 2502 1.
1131 2452 1158 2501 It

150 2523 205 2571 also
216 2523 290 2572 beers
301 2524 345 2573 the
356 2525 476 2590 meaning
487 2528 531 2574 ‘to
547 2523 645 2586 define,‘
663 2525 715 2574 and
732 2542 759 2575 so
771 2529 1003 2591 praescripiwm=‘
1013 2544 1029 2575 e
1039 2527 1159 2592 precept,'

149 2596 182 2645 de
193 2597 292 2646 exhort.
304 2602 368 2648 east.
377 2612 400 2661 3.
434 2599 481 2648 See
491 2604 535 2649 too
546 2598 578 2648 de
588 2615 729 2662 moneycm.
740 2612 779 2660 12,
792 2606 799 2627 ‘
808 2600 949 2664 praescribe
955 2606 1100 2651 constanter
1106 2618 1158 2651 non

148 2670 267 2720 omnibus
277 2673 398 2735 praecipi,
408 2689 474 2737 quae
485 2673 636 2737 quibusdam
647 2674 701 2722 sint
710 2671 862 2738 praecepta‘

183 2759 208 2808 9.
227 2747 344 2803 Census,
361 2748 410 2797 ie.
425 2745 542 2810 ‘eriyc'z
560 2763 648 2797 cessus
663 2748 715 2797 and
729 2751 825 2797 osmeri
837 2748 899 2798 bear
914 2748 960 2799 the
976 2764 1049 2799 sense
1063 2749 1158 2799 of‘be

149 2817 272 2883 ginning’
283 2820 334 2868 and
345 2819 502 2885 ‘originete’
514 2837 577 2886 very
587 2821 736 2887 frequently
746 2823 774 2870 in
785 2822 937 2872 Tertullian.
971 2823 1058 2887 Comp.
1066 2823 1104 2873 ch.
1117 2837 1157 2884 10,

151 2905 192 2953 12,
212 2893 287 2942 ‘inde
304 2900 440 2943 censentur
457 2895 494 2943 dii
510 2892 620 2956 vestri'3
645 2895 681 2960 ast
697 2910 773 2944 asor.
784 2896 801 2944 i.
816 2894 846 2955 63
864 2895 896 2944 de
907 2911 1010 2959 praesc.
1027 2895 1097 2945 teor.
1117 2911 1155 2955 21,

150 2979 190 3028 32,
212 2966 354 3016 ‘Ecclesiae
369 2969 522 3032 apostolicae
537 2984 628 3019 census
645 2984 704 3018 suos
715 2968 864 3030 deferunt’;
880 2970 937 3019 ade.
954 2970 1045 3019 Herm.
1060 2983 1109 3032 33;
1126 2971 1158 3018 de

148 3055 288 3104 menapum.
301 3054 326 3103 5,
339 3043 446 3091 ‘census
458 3047 544 3091 noster
554 3041 709 3091 transfertur
723 3043 752 3091 in
769 3040 918 3103 Christum,'
929 3050 992 3104 etc.;
1011 3055 1049 3103 11,
1065 3047 1096 3091 ‘a
1106 3044 1156 3092 fide

149 3114 220 3163 enim
230 3114 309 3163 etiam
320 3115 375 3179 lpse
385 3116 441 3165 vita
451 3120 538 3165 nosne
549 3114 683 3166 censetur!

185 3202 223 3237 12.
240 3203 276 3238 ex
287 3193 472 3240 concussione
483 3205 489 3238 ι
507 3194 638 3241 concussae
648 3191 677 3239 in
687 3191 754 3255 legal
762 3190 927 3255 phraseology
934 3191 1046 3254 signifies
1057 3194 1106 3240 ‘an
1117 3207 1158 3241 ex-

148 3263 246 3315 tortion
257 3261 285 3311 of
293 3278 386 3328 money
395 3264 431 3328 by
441 3280 529 3314 means
540 3266 568 3315 of
575 3265 674 3315 &ests
681 3263 704 3326 ’ς
720 3281 748 3314 so
762 3265 798 3315 ud
813 3264 889 3328 Scap.
901 3280 927 3328 4,
941 3265 986 3313 ‘in
1002 3265 1083 3328 elogio
1099 3281 1157 3315 con·

148 3337 264 3385 cessione
276 3337 330 3401 ejus
341 3335 490 3398 intellecta,'
502 3338 530 3387 oi
538 3355 572 3387 an
582 3339 735 3388 indictment
750 3339 841 3402 purely
853 3338 1004 3399 vexatious;
1021 3337 1072 3387 and
1084 3342 1157 3388 ‘con-

147 3407 251 3472 eussor,’
268 3411 367 3476 desse.
387 3412 417 3461 ie
429 3427 498 3476 pere.
520 3425 559 3474 12,
578 3425 616 3476 13.
650 3413 764 3463 Soldiers
784 3412 849 3461 from
867 3413 913 3462 the
932 3418 1024 3462 nature
1046 3413 1075 3463 oi
1090 3414 1158 3463 their

148 3485 245 3549 calling
260 3485 346 3534 would
362 3485 394 3535 he
410 3487 550 3552 peculierly
559 3487 640 3537 liable
655 3492 683 3536 to
701 3487 746 3537 the
764 3487 919 3551 temptation
934 3487 963 3537 of
976 3487 1112 3552 indulging
1130 3489 1157 3538 in

149 3560 211 3609 such
223 3557 368 3608 ‘violence'
375 3576 382 3618 ;
400 3576 480 3625 comp.
491 3560 515 3610 S.
529 3559 601 3611 John
618 3558 740 3626 Baptist’s
756 3560 845 3611 advice
860 3566 889 3610 to
902 3562 981 3621 them,
995 3561 1021 3611 S.
1034 3561 1107 3612 Lulce
1118 3563 1156 3612 iii.

150 3647 190 3697 14,
202 3633 357 3683 ‘Neminem
367 3635 533 3684 concutiatis’
546 3634 666 3700 (Vulg.);
682 3633 774 3697 μηδένα
785 3633 932 3699 διασείσητε.

217 3721 255 3756 ex
265 3712 368 3756 natura
379 3743 386 3756 .
399 3744 405 3756 .
418 3744 425 3759 .
437 3712 587 3760 domestici
598 3713 692 3758 nostri
703 3727 710 3760 ε
728 3724 760 3760 sn
774 3714 872 3759 mara
882 3711 938 3760 will
949 3725 1026 3760 mean
1036 3709 1101 3759 from
1111 3710 1157 3760 the

148 3781 251 3832 natural
267 3780 367 3845 enmity
384 3781 466 3831 slaves
481 3783 530 3832 feel
549 3782 660 3832 towards
676 3783 746 3833 their
758 3788 880 3834 masters:
897 3801 976 3848 comp.
996 3784 1021 3834 S.
1035 3783 1115 3834 Matt.
1127 3801 1152 3834 x.

148 3855 187 3919 36,
199 3857 253 3906 ‘Et
265 3854 364 3904 inimici
374 3855 493 3919 hominis,
504 3856 635 3908 domestici
643 3855 719 3921 ejus!
