2784 4242
267 235 330 280 110
545 217 744 281 Tertulliani
763 216 989 301 Apologeticus
1076 226 1150 292 [cir.
1160 228 1275 277 xxxv.

264 389 367 467 religio
381 389 592 466 deputabiturl
635 389 729 448 Onos
747 388 853 448 merito
875 389 1071 449 damnandosl
1115 389 1179 449 Gur
1193 388 1277 447 enim

264 493 334 548 vota
348 496 379 548 et
399 489 507 566 gaudia
522 489 679 549 Caesarum
700 487 774 546 casti
792 493 823 546 et
842 488 933 546 sobrii
949 487 1034 566 probi
1052 487 1277 567 expungimusl

265 606 320 646 cur
339 588 386 647 die
406 588 485 647 laeto
505 608 564 646 non
586 587 695 653 laureis
713 591 813 664 postes
835 586 1043 645 obumbramus
1063 605 1118 646 nec
1140 587 1278 646 lucernis

265 685 344 744 diem
367 686 579 764 infringimusl
621 687 755 745 Honesta
781 705 828 744 res
855 690 901 744 est
925 686 1122 746 sollemnitate
1151 686 1278 763 publica

242 785 401 862 5exigente
425 786 548 846 induere
571 784 671 844 domui
694 790 766 844 tuae
786 783 924 843 habitum
947 784 1073 862 alicujus
1094 784 1165 843 novi
1187 785 1277 861 lupa-

266 883 354 942 naris.
395 884 494 947 Velim
514 884 658 944 tamenin
679 883 733 942 hac
751 903 865 961 quoque
886 882 1027 960 religione
1048 883 1195 943 secundae
1212 904 1278 941 ma·

262 981 389 1057 jestatis,
426 982 462 1041 de
497 983 557 1059 qua'
597 981 629 1039 in
663 981 822 1040 secundum
862 980 1046 1058 sacrilegium
1081 984 1278 1041 convenimur

267 1081 438 1153 Christiani,
460 1102 519 1141 non
546 1081 719 1141 'celebrando
746 1081 895 1140 vobiscum
922 1082 1072 1142 sollemnia
1102 1082 1275 1154 Caesarum,

267 1201 325 1258 quo
352 1201 430 1240 more
454 1182 596 1240 celebrari
621 1203 674 1241 neo
695 1182 839 1241 modestia
861 1203 913 1242 nec
939 1184 1118 1244 verecundia
1138 1204 1194 1243 nec
1217 1207 1277 1261 pu·

229 1294 259 1329 10
267 1280 368 1340 dicitis
404 1280 592 1357 permittunt,
629 1280 680 1340 sed
715 1280 828 1340 occasio
862 1282 1022 1359 voluptatis
1056 1283 1151 1359 magis
1185 1303 1275 1360 quam

266 1379 357 1455 digna
380 1379 456 1438 ratio
480 1379 633 1456 persuasit,
655 1379 745 1438 fidem
769 1386 800 1439 et
820 1379 975 1440 veritatem
997 1387 1127 1441 vestram
1151 1382 1276 1441 demon-

267 1488 376 1551 strare3
405 1499 442 1537 ne
465 1479 541 1537 forte
563 1485 594 1537 et
618 1478 707 1537 isthic
730 1477 888 1539 deteriores
911 1479 1088 1539 Christianis
1109 1480 1274 1557 deprehen-

267 1579 386 1649 dantur,
396 1577 448 1654 qui
462 1597 515 1636 nos
529 1577 633 1636 nolunt
646 1578 793 1636 Romanos
806 1578 917 1650 haberi,
928 1578 979 1638 sed
992 1579 1089 1638 hostes
1103 1579 1273 1657 principum

268 1677 473 1734 Romanorum.
526 1676 611 1754 Ipsos
639 1675 780 1750 Quirites,
809 1676 903 1753 ipsam
938 1678 1127 1736 vernaculam
1161 1682 1274 1754 septem

229 1774 385 1850 15oollium
407 1774 523 1851 plebem
544 1775 690 1848 convenio,
713 1796 752 1833 an
772 1775 861 1834 alicui
883 1776 1003 1835 Caesari
1024 1797 1077 1834 suo
1097 1781 1200 1852 parcat
1219 1776 1276 1836 illa

267 1875 369 1952 hugus
393 1874 544 1931 Romana't
585 1869 681 1934 Testis
706 1880 751 1934 est
772 1875 895 1946 Tiberis,
917 1883 947 1935 et
970 1875 1082 1934 scholae
1102 1874 1275 1937 bestiarum.

303 2021 325 2055 2.
344 2008 540 2064 expungimus,
552 2003 708 2067 ‘perform';
724 2021 766 2054 see
776 2011 846 2066 note,
859 2005 899 2055 ch.
913 2020 935 2055 2.

302 2095 325 2142 3.
343 2081 450 2128 laureis
466 2084 562 2135 postes
579 2082 797 2129 obumbramus:
815 2082 897 2144 comp.'
912 2081 994 2130 Tacit.
1013 2084 1078 2129 Aac.
1096 2096 1138 2129 xv,
1159 2090 1200 2143 71,
1217 2084 1225 2111 ‘
1234 2098 1274 2130 or

269 2170 331 2203 nare
341 2154 417 2201 lauru
427 2152 561 2211 domum’;
578 2153 610 2200 de
621 2152 683 2202 idol.
700 2166 729 2215 15
737 2170 829 2216 pass.;
845 2154 882 2201 ad
892 2170 962 2203 uror.
974 2155 1001 2203 ii.
1013 2152 1035 2202 6,

303 2228 326 2277 6.
344 2229 482 2283 religione
494 2230 633 2277 secundae
648 2229 811 2285 majestatis.
846 2228 932 2291 Oomp.
944 2227 983 2277 oh.
998 2229 1037 2287 28,
1047 2227 1099 2275 and
1109 2227 1155 2276 the
1166 2243 1274 2292 passage

271 2302 337 2350 from
348 2301 383 2350 ad
394 2300 457 2350 Nat.
469 2301 486 2351 i.
501 2312 531 2364 17
548 2300 643 2364 quoted
659 2302 687 2350 in
704 2307 764 2351 note
780 2302 860 2351 there.
894 2303 930 2351 Iu
946 2303 991 2351 the
1007 2301 1138 2366 following
1154 2302 1275 2366 chapters

272 2376 364 2437 religio
377 2375 398 2423 is
409 2374 554 2438 frequently
564 2375 627 2424 used
637 2376 665 2423 in
677 2375 729 2424 this
740 2392 813 2424 sense
824 2377 852 2425 of
863 2378 963 2442 loyalty
973 2382 1001 2426 to
1012 2375 1057 2425 the
1068 2392 1189 2440 emperor.

309 2462 346 2498 11.
364 2449 450 2496 fide'm
464 2453 493 2497 et
502 2452 654 2498 veritatem
664 2455 790 2499 vestram
801 2453 1000 2500 demonstrare.
1029 2450 1090 2499 This
1105 2451 1128 2499 is
1144 2450 1172 2499 of
1185 2466 1275 2500 course

273 2523 378 2572 ironioal
389 2538 395 2571 ι
412 2523 457 2571 the
469 2524 546 2571 satire
557 2524 579 2571 is
590 2523 728 2572 continued
739 2523 828 2585 below,
841 2525 938 2573 ‘Plane
949 2524 1026 2573 ceteri
1037 2524 1136 2573 ordines
1149 2561 1155 2574 .
1169 2561 1175 2573 .
1188 2522 1202 2573 .’

309 2612 346 2660 14.
362 2600 542 2646 vernaculam
553 2601 678 2654 plebem:
694 2613 775 2660 comp.
783 2601 790 2626 ‘
797 2599 933 2647 vernacula
944 2596 1100 2659 multitudo,’
1108 2598 1188 2648 Tacit.
1200 2598 1275 2649 Assa.

273 2675 290 2722 i.
304 2685 343 2733 31.

308 2760 346 2809 15·
366 2748 512 2795 convenio.
540 2745 600 2793 This
614 2745 684 2794 word
695 2744 742 2793 has
752 2745 805 2809 just
817 2745 937 2794 occurred
947 2746 975 2794 in
986 2747 1021 2795 its
1033 2746 1142 2795 forensie
1153 2762 1235 2809 sense,
1246 2765 1275 2798 as

273 2821 302 2870 in
312 2821 350 2870 eh.
360 2834 386 2883 9,
399 2821 438 2879 28,
449 2821 456 2848 ⁴
466 2820 480 2867 I
491 2819 625 2884 judicially
637 2821 729 2883 charge
739 2836 789 2884 you
801 2824 829 2868 to
839 2835 885 2883 say
895 2820 1028 2870 whether.
1044 2818 1077 2869 ..'

316 2925 319 2932 r
340 2893 551 2945 oliouicaeseri
563 2909 615 2943 suo
623 2899 729 2952 parcat.
772 2895 857 2958 Gomp.
870 2894 900 2943 de
911 2901 986 2958 spect.
1001 2894 1038 2954 16,
1051 2895 1118 2945 ‘Sed
1129 2895 1193 2943 circo
1208 2898 1277 2959 quid

274 2969 393 3030 amarius,
405 2968 449 3017 ubi
460 2984 493 3017 ne
503 2964 656 3032 principibus
668 2968 771 3031 quidem
783 2973 829 3017 aut
839 2969 937 3017 civibus
949 2970 1001 3018 suis
1012 2974 1120 3033 parcunt
1129 2966 1151 3018 ’ἓ
1167 2968 1274 3021 Sueten.

273 3045 345 3095 Nero
357 3056 404 3106 393
421 3042 521 3106 Vespas.
538 3056 577 3107 19,
592 3057 629 3104 23.
664 3043 712 3091 See
722 3047 784 3091 next
794 3046 861 3091 note.

310 3118 347 3167 16.
368 3120 461 3165 'Pestis
470 3123 514 3165 est
524 3120 643 3165 'l'iberis
669 3116 723 3165 The
733 3117 842 3166 allusion
850 3117 872 3165 is
884 3122 912 3165 to
920 3117 965 3166 the
974 3117 1047 3181 dregs
1055 3117 1083 3165 of
1091 3118 1135 3166 the
1142 3116 1277 3182 populace,

274 3193 320 3241 the
330 3192 487 3240 inhabitants
504 3192 532 3240 of
545 3191 590 3240 the
605 3191 684 3240 lower
701 3192 814 3255 portione
828 3190 857 3239 of
870 3192 915 3240 the
931 3193 984 3256 city
994 3208 1057 3241 near
1072 3193 1117 3241 the
1133 3192 1209 3251 river,
1220 3196 1278 3243 and

274 3267 342 3315 their
352 3281 436 3315 coarse
447 3264 590 3314 witticisms
601 3281 668 3329 upon
679 3265 725 3315 the
738 3282 878 3329 emperors;
895 3282 975 3330 comp.
988 3267 1024 3314 ed
1030 3266 1092 3315 Nat.
1103 3267 1121 3315 i.
1133 3276 1169 3330 17,
1187 3269 1278 3316 ‘vani-

274 3340 338 3390 tatis
353 3339 487 3402 sacrilegia
503 3339 657 3399 conveniam,
675 3343 702 3388 et
718 3339 798 3402 ipsius
814 3340 965 3389 vernaculae
981 3340 1064 3404 gentis
1081 3341 1277 3391 irreverentiam

275 3429 457 3477 recognoscam,
473 3419 499 3462 et
515 3414 619 3463 festivos
635 3413 735 3463 libellos
752 3430 814 3477 qnos
831 3418 931 3463 statuae
950 3415 1040 3475 sciunt,
1061 3419 1088 3462 et
1107 3414 1153 3462 illa
1171 3414 1277 3479 obliqua

275 3505 459 3552 nonnunquam
475 3488 544 3537 diota
555 3506 571 3537 a
587 3490 692 3538 concilio
710 3494 787 3552 atque
802 3488 939 3538 maledicta
955 3505 1020 3553 quae
1036 3488 1097 3538 circi
1114 3495 1212 3539 sonant.
1248 3491 1277 3541 Si

275 3579 328 3611 non
344 3564 421 3612 armis
438 3563 529 3612 saltem
545 3564 632 3626 lingua
649 3579 747 3627 semper
762 3563 869 3612 rebelles
886 3561 964 3611 estis?
996 3563 1137 3626 Lampoons
1150 3578 1219 3626 upon
1228 3566 1278 3615 the

276 3653 402 3701 emperors
413 3653 479 3686 were
490 3638 637 3687 infractione
653 3639 681 3687 of
694 3639 740 3687 the
755 3639 806 3687 law
816 3638 844 3687 of
857 3639 979 3704 majestas
997 3654 1024 3687 as
1041 3637 1156 3687 enforced
1171 3638 1209 3702 by
1218 3641 1277 3689 Au-

276 3715 374 3773 gustus,
385 3709 436 3757 and
447 3710 563 3759 Tiberim
579 3712 653 3761 made
665 3728 729 3761 even
740 3712 846 3761 abusive
856 3713 982 3776 language
994 3712 1160 3761 treasonahle.
1194 3711 1277 3764 Meri·

277 3784 336 3832 vale
347 3784 414 3832 Hiei.
430 3784 502 3832 Rom.
514 3801 539 3834 v.
556 3799 600 3847 ²51
614 3786 641 3834 ff.
674 3786 728 3834 The
744 3786 873 3835 dicacitas
888 3787 970 3850 plebia
980 3802 1032 3835 was
1043 3786 1163 3835 offensive
1173 3789 1202 3833 to
1214 3786 1279 3838 Dio·

277 3860 372 3909 cletian
390 3861 518 3923 (Lactant.
535 3864 567 3912 de
582 3868 655 3914 mort.
670 3880 739 3928 pera
755 3865 805 3929 17),
822 3865 920 3932 though
935 3865 1044 3916 relished
1060 3864 1095 3929 by
1112 3864 1279 3917 Constantius
