2784 4242
140 231 316 296 cmxurv]
359 222 519 288 adversus
543 222 660 302 Gentes
674 232 739 305 pro
762 220 972 290 cummunis.
1078 240 1136 306 131

289 413 290 416 ¹
354 448 356 450 Ι
507 519 780 581 oseuuxurn.
849 387 952 571 J
997 421 1154 566 two»

183 681 293 740 Purus
320 679 488 751 confitebor,
512 679 642 756 quinam,
670 679 696 739 si
723 678 808 751 forte,
832 698 901 738 vers
924 678 959 738 de
986 678 1144 740 sterilitate

140 777 384 846 Christianorum
394 779 534 856 conqueri
547 777 668 857 possint.
711 776 806 836 Primi
828 782 916 837 erunt
936 777 1064 850 lenones,
1078 797 1144 855 per·

139 878 287 950 ductores,
302 876 454 954 aquarioli,
468 884 532 937 tum
549 875 657 947 sicarii,
671 874 831 948 venenarii,
845 874 930 953 magi,
944 876 1016 935 item
1029 874 1143 952 harioli,

139 973 317 1052 haruspices,
332 974 539 1033 mathematici.
578 974 636 1033 His
649 974 844 1034 infructuosos
858 995 920 1033 esse
933 995 1056 1052 magnus
1069 975 1168 1053 fruc-5

139 1080 193 1147 tus
207 1079 262 1133 est.
303 1074 345 1132 Et
361 1079 461 1132 tamen
482 1073 683 1151 quodcumque
704 1073 888 1150 dispendium
909 1079 954 1132 est
974 1072 1018 1132 rei
1031 1078 1144 1133 vestrae

139 1194 197 1251 per
220 1172 295 1231 hanc
319 1176 438 1245 sectam,
459 1193 527 1230 cum
547 1173 647 1249 aliquo
669 1172 773 1248 utique
797 1171 943 1250 praesidio
964 1172 1145 1250 compensari

138 1257 248 1350 potest.
290 1271 404 1347 Quanti
417 1271 539 1345 hahetis,
554 1292 612 1330 nou
626 1271 690 1330 dico
705 1271 757 1349 qui
771 1274 834 1347 jam
847 1271 882 1329 de
896 1272 980 1330 vobis
995 1270 1145 1331 daemonia

139 1356 303 1444 excutiant,
328 1391 386 1431 non
410 1370 477 1430 dico
500 1374 563 1448 jam
587 1371 638 1448 qui
661 1392 715 1449 pro
741 1372 824 1431 vohis
848 1391 965 1448 quoque
989 1391 1059 1431 vero
1083 1370 1146 1429 Deo
1203 1393 1208 1400 ’

139 1490 244 1548 preces
263 1473 403 1543 sternant,
420 1470 490 1546 quia
511 1471 587 1529 forte
607 1490 665 1528 non
687 1470 818 1544 creditis,
833 1471 883 1530 sed
903 1491 922 1531 a
941 1470 1051 1549 quibus
1070 1469 1145 1552 nihii
1158 1496 1187 1531 ιο

140 1568 249 1628 timere
262 1567 387 1646 possitis.

512 1782 650 1844 CAPUT
671 1778 780 1844 XLIV.

186 1923 324 1985 Ananim
338 1925 413 1984 illud
427 1924 635 1985 detrimentum
653 1925 841 2005 reipublicae,
856 1930 918 1985 tam
934 1926 1045 2003 grande
1059 1946 1147 2006 quam

140 2044 256 2096 verum,
281 2044 367 2083 nemo
392 2021 599 2101 circumspicit,
623 2023 704 2083 illam
729 2024 871 2099 injurium
895 2024 1026 2084 civitatis
1049 2024 1148 2086 nullus

140 2120 293 2199 expendit,
307 2142 401 2199 quum
420 2127 467 2180 tot
484 2122 559 2197 justi
580 2121 789 2200 impendimur,
802 2143 892 2200 quum
913 2128 958 2181 tot
978 2123 1188 2193 iunocentes15

140 2240 307 2304 erogamur.
349 2221 468 2280 Vestros
489 2220 566 2279 enim
583 2224 646 2297 jam
669 2227 869 2281 contestemur
888 2227 979 2294 actus,
1002 2221 1054 2300 qui
1076 2242 1147 2299 quo·

139 2318 218 2380 tidie
242 2317 408 2394 judicandis
432 2318 572 2379 custodiis
595 2317 777 2396 praesidetis,
802 2320 855 2397 qui
878 2321 1031 2380 sententiis
1054 2319 1148 2402 elogia

139 2417 329 2495 dispungitis.
370 2417 425 2475 Tot
445 2438 463 2476 a
483 2417 568 2476 vohis
588 2425 724 2478 nocentes
748 2418 838 2477 variis
863 2420 1018 2479 criminum
1042 2419 1147 2498 elogiis

139 2520 355 2588 recensentur3
391 2516 457 2593 quis
485 2515 547 2575 illic
575 2516 707 2589 sicarius,
731 2517 799 2594 quis
826 2518 1057 2591 manticularius,
1082 2518 1148 2596 quis

139 2614 312 2691 sacrilegus,
324 2619 379 2673 aut
397 2620 558 2692 corruptor,
574 2621 627 2675 aut
643 2615 806 2675 lavantium
827 2618 944 2694 praedo,
962 2618 1040 2677 idem
1058 2617 1147 2677 etiam
1159 2638 1190 2673 20

142 2712 333 2775 Christianus
346 2712 544 2772 adscribiturt
564 2719 619 2773 aut
635 2734 703 2773 cum
717 2714 880 2775 Christiani
894 2735 946 2775 suo
960 2715 1050 2775 titulo
1063 2714 1146 2774 offer-

179 2884 202 2920 π.
219 2874 255 2919 de
266 2872 420 2920 sterilitate
432 2892 455 2911 =
466 2871 624 2934 infructuosi
634 2872 665 2919 iu
675 2863 785 2936 negotiis
793 2871 822 2920 of
829 2872 963 2937 preceding
973 2872 1087 2936 chapter.

178 2958 202 3007 3.
219 2947 310 2993 Primi
321 2948 405 2993 erunt
416 2948 541 2994 lenones.
575 2946 662 3010 Gomp.
674 2946 706 2994 de
716 2946 779 2996 idol.
787 2948 896 3011 passim.

147 3019 149 3023 ’
178 3033 201 3082 5.
218 3022 426 3069 mathematIci:
445 3018 624 3085 ‘astrologum'
657 3020 706 3070 Sea
721 3026 782 3071 uota
798 3038 832 3070 on
848 3021 928 3071 astris
942 3020 981 3069 ch.
999 3034 1028 3081 13
1049 3021 1100 3069 und
1115 3037 1148 3070 on

141 3094 178 3145 de
191 3094 297 3143 Caesare
308 3095 391 3155 cupito
402 3093 554 3150 consultant,
564 3095 604 3142 ch.
617 3107 656 3157 35.

178 3170 203 3217 8.
221 3171 257 3216 de
268 3170 351 3216 vobis
362 3170 513 3218 daemonic
523 3171 677 3217 excutient.
711 3169 798 3231 comp.
810 3168 849 3218 ch.
863 3181 901 3228 23,
916 3181 946 3229 3²
970 3177 1009 3231 37.

148 3287 150 3291 .
180 3256 219 3291 ιο.
237 3245 704 3300 uquibuunihiltimereposaitis.
739 3243 824 3306 (temp.
836 3243 875 3291 ch.
889 3251 929 3305 37.
1055 3243 1057 3247 ’

180 3315 219 3366 16.
237 3331 392 3374 erogamur.
424 3317 545 3380 Erupere,
553 3317 593 3365 lit.
605 3339 628 3358 -
644 3320 685 3366 ‘to
696 3318 776 3381 spsnd
784 3317 807 3377 '3
823 3316 875 3366 aud
885 3331 912 3365 so
923 3314 1005 3364 oflifc
1015 3320 1097 3379 spent,
1106 3318 1149 3366 ‘to

146 3387 269 3453 destroy,’
280 3406 309 3439 as
319 3390 388 3452 here,
400 3391 450 3440 and
461 3391 500 3440 ch.
512 3391 560 3452 48;
576 3392 608 3440 dc
618 3397 693 3455 spect.
707 3406 754 3452 1²3
769 3393 800 3442 dc
807 3406 919 3456 prauos.
931 3390 997 3441 haur.
1011 3403 1033 3439 a.

181 3476 220 3529 17.
236 3465 381 3514 custodiis.
416 3464 463 3514 See
472 3472 540 3525 nota,
551 3464 592 3514 oh.
604 3480 628 3529 9.

213 3541 263 3596 qui
280 3541 432 3588 sententiis
449 3542 542 3597 elogia
555 3542 738 3598 dispungitis.
772 3539 820 3590 See
831 3544 891 3590 nota
902 3556 936 3589 on
945 3538 1097 3604 dispunctio,
1109 3538 1148 3589 oh.

147 3615 196 3672 18;
212 3613 264 3661 und
274 3628 308 3661 cn
318 3614 432 3676 elogium,
445 3612 485 3662 clu
499 3628 520 3662 2.

183 3701 222 3736 πο.
239 3690 398 3737 lavantium
413 3690 527 3745 proedo.
561 3687 588 3735 A
599 3704 662 3752 very
671 3704 785 3738 common
800 3689 865 3738 class
876 3687 905 3737 of
912 3686 984 3747 chief,
995 3686 1107 3752 relating
1121 3691 1150 3737 to

146 3762 232 3813 whom
244 3776 285 3809 sce
295 3762 340 3810 the
351 3762 447 3810 section
458 3762 485 3810 in
496 3762 541 3811 the
552 3762 795 3827 Digestdafurttua
807 3762 954 3822 balsamia,
965 3762 1037 3811 xlvii.
1051 3771 1089 3824 17.

184 3849 224 3885 21.
240 3850 293 3885 suo
309 3838 397 3887 titulo
413 3839 587 3888 offeruntur:
604 3840 664 3887 ‘ura
680 3839 790 3903 brought
806 3839 860 3889 into
874 3842 946 3889 court
961 3853 995 3888 on
1010 3837 1079 3888 their
1093 3850 1151 3887 on

630 3940 686 3981 12
