2784 4242
283 239 346 319 156
589 325 592 330 ἢ
665 240 886 323 appendas.

302 488 534 547 S.V1rcnnr1us
555 488 764 549 Lnanmusm:
786 488 1070 561 Gonnomnoamn,
1091 505 1158 549 cnr.
1172 508 1261 549 xvm.

324 652 387 712 San
396 660 427 713 et
439 653 616 712 Tertulliani
630 674 744 731 quoque
762 655 864 713 eadem
877 654 953 713 ratic
967 659 1031 728 est;
1052 675 1122 713 nam
1136 654 1213 715 sicut
1230 656 1279 714 illc

284 744 449 828 [Origines]
472 748 553 824 apud
573 746 708 818 Graecos,
727 747 770 807 ita
793 747 841 807 hic
865 749 945 827 apud
967 747 1091 808 Latinos
1113 755 1279 809 nostrorum

281 842 412 900 omnium
426 842 509 901 sacilc
528 842 665 921 princeps
676 842 852 918 judicandus
866 848 919 902 est.
961 842 1042 917 Quid
1056 842 1136 902 enim
1150 843 1204 902 hoc
1218 844 1280 902 viro

282 936 417 995 doctius?
438 936 509 1014 quid
530 937 561 994 in
579 936 686 995 divinis
703 942 792 1015 atque
810 935 945 996 humanis
961 937 1050 997 rebus
1070 937 1281 997 exercitatius?

282 1029 395 1106 Nempe
409 1049 522 1089 omnem
535 1030 750 1108 philosophiam
759 1036 789 1091 et
802 1036 921 1091 cunctas
931 1030 1171 1109 philosophorum
1182 1038 1280 1102 sectae,

282 1128 415 1183 auctores
428 1125 646 1202 adsertoresque
659 1130 811 1197 sectarum,
823 1144 978 1203 omnesque
989 1144 1091 1185 eorum
1105 1124 1281 1203 disciplinas,

283 1237 397 1277 omnem
416 1218 606 1278 historiarum
626 1239 659 1277 ac
680 1218 845 1277 studiorum
865 1218 1046 1291 varietatem,
1061 1218 1138 1277 mira
1158 1220 1282 1297 quadam

282 1312 388 1371 mentis
409 1313 571 1390 capacitate
593 1313 760 1391 complexus
776 1319 830 1374 est.
871 1312 995 1390 Ingenio
1016 1333 1085 1372 vero
1106 1333 1202 1373 nonne
1223 1320 1281 1372 tam

282 1406 366 1482 gravi
385 1428 418 1466 ac
437 1406 602 1466 vehementi
622 1407 768 1478 excelluit,
789 1413 824 1466 ut
845 1407 920 1465 nihil
943 1406 1000 1466 sibi
1013 1427 1106 1485 paene
1120 1407 1159 1466 ad
1173 1428 1281 1485 expug-

283 1501 412 1559 nandum
436 1500 623 1579 proposuerit
647 1500 725 1579 quod
751 1521 810 1559 non
832 1506 886 1560 aut
907 1501 1040 1560 acumine
1063 1500 1209 1579 irruperit
1232 1507 1281 1560 aut

282 1594 410 1673 pondere
438 1593 571 1653 eliseritl
613 1595 680 1653 Jam
709 1613 796 1673 porro
824 1594 963 1654 orationis
991 1613 1060 1653 suae
1088 1594 1191 1654 laudes
1217 1595 1281 1672 quis

281 1689 401 1768 exsequi
414 1689 533 1749 valeatt
574 1689 656 1763 Quae
670 1695 754 1748 tanta
767 1690 864 1749 nescio
877 1710 936 1767 qua
950 1689 1099 1748 rationum
1110 1690 1280 1750 necessitate

282 1788 416 1842 conserta
429 1792 481 1856 est,
497 1789 532 1843 ut
545 1784 584 1842 ad
600 1802 771 1842 consensum
789 1781 835 1842 sui
849 1801 920 1861 quos
934 1783 1055 1842 suadere
1069 1802 1129 1840 non
1142 1783 1279 1860 potuerit,
1357 1859 1358 1862 Ἴ

282 1877 431 1954 impellat:
454 1876 536 1955 cujus
557 1884 629 1956 quot
642 1896 734 1954 paene
747 1878 845 1948 verba,
860 1881 907 1936 tot
924 1876 1086 1936 sententiae
1101 1881 1189 1949 sunt3
1211 1882 1279 1954 quot

281 1991 391 2044 sensus,
406 1978 452 2032 tot
460 1971 608 2031 victoriae.
639 1970 745 2031 Sciunt
753 1971 807 2031 hoc
819 1970 991 2044 Marcianos,
1001 1970 1130 2049 Apelles,
1142 1971 1277 2044 Praxeae,

284 2065 490 2144 Hermogenes,
507 2065 623 2137 ludaei,
640 2064 783 2138 Gentiles,
805 2064 948 2139 Gnostici,
969 2061 1134 2142 ceterique;
1158 2085 1278 2142 quorum

284 2162 335 2220 ille
355 2161 550 2239 blasphemias
570 2160 671 2220 multis
692 2181 726 2219 ac
746 2160 860 2237 magnis
879 2159 1062 2220 voluminum
1082 2177 1202 2218 suorum
1221 2180 1276 2219 mo-

283 2256 369 2328 libus,
393 2255 475 2314 velut
491 2254 664 2333 quibusdam
692 2254 868 2313 fulminibus
889 2254 1005 2314 evertit.
1048 2254 1089 2312 Et
1111 2258 1213 2314 tamen
1234 2255 1277 2312 hic

281 2367 397 2427 quoque
417 2356 483 2427 post
504 2349 574 2408 haec
595 2348 700 2419 omnia,
721 2348 778 2419 hic,
798 2348 927 2427 inquam,
949 2345 1156 2421 Tertullianus,
1173 2348 1276 2408 Catho-

282 2442 332 2502 lici
347 2442 563 2519 dogmatista.
579 2441 752 2501 universalis
773 2462 806 2501 ac
824 2446 959 2502 vetustae
976 2440 1047 2500 fidei
1063 2459 1169 2516 parum
1185 2449 1276 2513 tenax,

282 2557 316 2594 ac
337 2536 473 2594 disertior
489 2536 591 2607 multo,
607 2551 695 2613 quam
708 2534 829 2606 fidehcr,
847 2540 962 2594 mutata
982 2535 1119 2612 deinceps
1136 2536 1277 2596 sententis

282 2630 353 2689 fecit
376 2631 414 2688 ad
437 2635 607 2702 extremum,
633 2629 712 2707 quod
735 2629 770 2687 de
796 2649 830 2688 eo
852 2630 954 2689 beatus
976 2629 1122 2688 confessor
1149 2630 1276 2689 Hilarius

283 2725 408 2802 quodam
421 2723 485 2784 loco
498 2723 619 2784 scribit:
641 2726 776 2800 amaena,
791 2722 899 2801 inquit,
913 2743 1009 2783 errore
1024 2724 1152 2783 derexit
1166 2726 1277 2803 sumptis

279 2819 475 2898 probahlihas
495 2821 702 2879 summitatem.
743 2818 784 2878 Et
805 2819 863 2879 suit
882 2819 945 2896 ipse
961 2838 1077 2896 quoque
1098 2818 1130 2877 in
1151 2818 1276 2880 Ecclesia

282 2935 388 2993 magna
401 2914 536 2974 tentatio.
