2784 4242
220 192 239 254 8
501 191 701 259 Tertulliani
720 189 945 276 Apologetic'us
1105 199 1179 266 [co.
1192 207 1227 253 11.

220 385 279 424 non
304 362 484 424 examinatio
518 362 667 425 criminis:
703 363 820 440 quando
852 362 879 424 si
912 363 950 422 do
977 362 1077 441 aliquo
1103 368 1229 423 nocente

222 463 407 541 cognoscitis,
428 483 487 523 non
517 461 619 522 statim
649 462 777 522 confesso
806 482 841 521 eo
863 480 968 521 nomen
989 460 1158 534 homicidae,
1179 461 1229 522 vel

223 561 367 641 sacrilegi,
401 562 450 622 vel
485 562 599 636 incesti,
627 561 675 622 vel
704 544 941 640 publicihhostis
970 560 1020 635 (ut
1054 561 1091 621 de
1117 562 1230 621 nostris

223 661 327 740 elogiis
355 658 473 740 loquar)
504 659 636 721 contenti
663 660 731 720 sitis
757 660 796 720 ad
822 646 1081 738 furonnntiandum,
1110 660 1168 720 nisi
1197 652 1229 719 et

199 761 432 838 5eonsequentia
460 758 596 837 exigatis,
621 758 797 835 qualitatem
823 758 904 832 facti,
928 778 1091 832 numerum,
1118 759 1226 831 locum,

221 859 348 931 modum,
363 862 489 936 tempus,
503 858 641 929 conscios,
656 857 755 918 socios.
806 857 853 918 De
874 857 958 917 nobis
979 857 1055 916 nihil
1074 858 1144 928 tale,
1159 878 1226 936 cum

221 977 313 1035 aeque
333 957 503 1034 extorqueri
523 961 681 1034 oporteret,
695 956 892 1035 quodcunque
912 956 1138 1033 falsojactqtur,
1153 961 1227 1034 quot

223 1055 346 1133 quisque
363 1054 426 1133 jam
445 1055 632 1127 infanticidia
643 1042 843 1132 degustasset,
864 1059 939 1133 quot
958 1054 991 1113 in
1091 1060 1226 1115 contene-

222 1156 344 1225 brasset,
359 1155 412 1231 qui
425 1153 495 1225 coci,
510 1153 563 1232 qui
576 1173 662 1215 canes
677 1141 836 1212 affuissent.
855 1204 864 1235 4
874 1152 909 1213 Ὀ
923 1173 944 1229 q
1002 1161 1034 1212 ta
1049 1153 1131 1213 illius
1143 1173 1227 1232 prae·

185 1252 296 1312 10sidis
324 1251 467 1331 gloria,si
494 1252 620 1313 eruisset
647 1252 783 1329 aliquem,
798 1250 850 1329 qui
873 1256 990 1311 centum
1010 1252 1074 1330 jam
1098 1248 1227 1317 insaniei

223 1351 412 1411 comedisset!
452 1349 568 1443 Atquin
581 1349 748 1411 invenimus
761 1349 983 1426 inquisitionem
999 1334 1115 1429 quoque
1128 1350 1162 1409 in
1174 1370 1227 1411 nos

225 1449 412 1528 prohibitam,
441 1450 554 1509 Plinius
568 1449 647 1509 enim
661 1449 814 1509 Secundus
827 1469 893 1509 cum
906 1449 1088 1527 provinciam
1101 1455 1227 1527 regerat,

170 1582 206 1620 s
225 1548 373 1608 damnatis
395 1548 571 1626 quibusdam
593 1547 780 1619 Christianis,
805 1547 981 1625 quibusdam
991 1531 1105 1635 ‘gradu'
1124 1548 1228 1626 pulsis,

224 1649 288 1726 ipsa
307 1653 406 1708 tamen
426 1639 629 1729 multitidine
637 1641 837 1724 perturbatus,
852 1646 926 1724 qnid
941 1647 983 1706 de
1004 1654 1099 1706 cetero
1119 1653 1229 1724 egeret,

188 1747 375 1810 1500nsu1uic
401 1752 473 1807 tunc
507 1744 668 1824 Trajamin'r
702 1746 919 1823 imperatorem,
947 1745 1077 1823 allegans
1111 1751 1230 1823 praeter

262 1962 284 1999 1.
301 1949 414 2005 quando
425 1948 469 1997 si.
483 1980 490 1994 .
503 1981 510 1996 .
522 1947 703 2003 cognoscitis.
736 1945 885 2008 Cognoscere
894 1944 956 1994 here
966 1946 1040 1995 bears
1056 1946 1091 1995 its
1104 1946 1230 1996 technical

224 2024 344 2086 meaning
369 2021 587 2085 oin‘sramining
615 2020 750 2087 judicially
767 2022 822 2070 into
846 2036 862 2070 a
886 2021 1004 2070 omminal
1026 2036 1083 2070 casa
1107 2019 1193 2071 before
1214 2036 1231 2069 a

225 2094 356 2147 tribunal!
1305 2128 1306 2131 =

260 2185 282 2219 2.
289 2171 508 2229 homicidaene
515 2170 653 2229 sacrilegi,
658 2171 704 2218 etc.
714 2168 892 2218 Eachotthese
898 2168 1014 2219 criminal
1020 2168 1125 2233 charges
1130 2169 1231 2232 <elogia

228 2243 312 2301 tituli,
321 2259 362 2291 see
374 2246 435 2290 next
443 2241 514 2302 note)
523 2257 575 2291 was
582 2241 699 2290 faamned
710 2257 777 2305 upon
784 2241 830 2291 the
838 2242 979 2292 Christiana
987 2243 1022 2307 by
1028 2242 1096 2291 their
1106 2243 1230 2292 enomies:

227 2333 306 2380 comp.
318 2316 406 2374 below,
420 2315 609 2365 ‘Christianum
620 2314 749 2365 hominem
760 2317 873 2365 omnium
884 2317 1006 2366 scelernm
1016 2313 1104 2376 reum,’
1115 2319 1162 2367 etc.
1174 2358 1176 2361 .

262 2404 285 2452 3.
301 2396 335 2438 nt
351 2391 387 2438 de
399 2390 505 2439 nostris
523 2391 625 2448 elogiis
635 2391 745 2448 loquar.
778 2390 897 2452 Illuciam
908 2390 936 2438 in
952 2389 1019 2453 legal
1033 2389 1199 2454 phrasaology
1209 2389 1231 2438 is

228 2465 292 2515 ‘the
313 2463 420 2528 judicial
438 2461 594 2513 statement’
616 2480 645 2514 or
667 2465 795 2514 ‘abstract
813 2465 842 2515 oi
860 2465 905 2514 tho
923 2465 1040 2514 miminal
1061 2461 1181 2529 chargs':
1204 2479 1232 2513 so

228 2542 329 2589 mittere
346 2537 457 2601 aliquem
469 2538 903 2604 camelogio,=‘tosendaperson
914 2538 1055 2588 beiorethc
1071 2540 1233 2602 magistrates
1307 2532 1313 2561 ³
1359 2551 1365 2563 ’

230 2629 263 2661 on
273 2628 289 2661 u
300 2614 410 2660 wamant
422 2610 561 2675 specilying
570 2611 611 2661 his
621 2611 734 2662 offence'
755 2612 842 2677 (lump.
854 2612 891 2661 od
900 2611 979 2674 Scap.
991 2626 1014 2675 4,
1026 2611 1143 2662 ‘Pudens
1154 2612 1232 2661 etiam

230 2687 333 2736 mnium
345 2684 377 2734 ad
388 2700 416 2735 se
427 2683 601 2735 Christimmm
612 2687 641 2735 in
652 2686 733 2750 elogio
749 2687 910 2737 concussione
920 2688 975 2750 ejus
986 2685 1118 2736 intellecta
1127 2686 1233 2744 dimisit,

231 2761 307 2810 scisso
326 2759 415 2808 eodem
431 2759 520 2823 elogio,
540 2761 597 2809 sins
613 2766 759 2811 accusatore
775 2776 871 2823 negans
887 2775 915 2808 se
931 2760 1081 2810 auditurum
1098 2760 1232 2817 hominem,

210 2846 213 2851 “
231 2833 369 2884 secundum
379 2831 546 2883 mandatum?
574 2833 621 2884 Sec
632 2835 686 2883 also
695 2835 778 2885 below
786 2835 825 2886 ch.
835 2848 875 2896 24,
884 2834 1096 2898 ‘irreligiositatis
1107 2830 1231 2898 elogium,’

231 2909 292 2958 ‘the
305 2907 421 2958 criminal
435 2907 528 2972 charge
540 2907 569 2957 of
582 2906 745 2973 irreligicn’;
761 2908 800 2959 ch.
813 2924 856 2971 44,
868 2909 927 2973 ‘qui
943 2909 1078 2958 sententiis
1091 2908 1173 2972 elogia
1183 2907 1232 2957 dis-

232 2980 374 3048 pungitis’:
392 2998 472 3047 comp.
484 2982 587 3033 Sueton
599 2983 683 3044 Galia
698 2992 738 3047 η,
751 2983 938 3034 ‘custodiarum
948 2983 1039 3032 seriem
1049 2997 1232 3047 recognoscens,

233 3057 328 3106 nullius
352 3057 465 3121 inspecto
487 3056 578 3120 elogio,
595 3062 666 3107 stans
683 3056 860 3106 tantummodo
881 3057 950 3105 intra
970 3056 1096 3160 porticum
1114 3055 1230 3113 mediam,

234 3149 249 3182 a
259 3132 331 3181 calvo
342 3130 376 3179 ad
386 3130 488 3180 calvum
499 3130 558 3180 duci
568 3132 721 3196 imperavit.

265 3222 289 3270 4.
307 3208 345 3255 ad
366 3207 625 3262 pronuntiandum·
655 3206 734 3256 absol.
757 3206 802 3254 ‘to
823 3220 966 3269 pronounce
987 3204 1032 3254 the
1053 3200 1181 3254 vendict’:
1206 3217 1232 3252 aa

234 3281 320 3329 Cicero
331 3277 362 3326 de
373 3277 452 3343 Offi'
434 3279 472 3328 ui.
487 3277 525 3328 16.
538 3278 600 3338 66‚‘
608 3278 686 3343 judex
696 3280 735 3328 ita
745 3275 937 3343 pronuntiavit‘

251 3353 290 3401 ’8.
307 3353 487 3401 infanticidia
498 3355 690 3411 degustasset:
709 3369 750 3402 see
760 3352 799 3403 ch.
814 3361 835 3416 7.
867 3379 869 3382 ·

270 3441 309 3488 13.
327 3429 497 3483 quibusdam
510 3431 601 3484 gradu
616 3431 707 3487 muisis
718 3444 724 3477 ι
743 3427 810 3476 ‘and
820 3443 889 3477 some
900 3423 1058 3491 degraded‘3
1074 3426 1196 3489 referring
1207 3431 1232 3474 to

234 3502 307 3550 those
318 3500 375 3549 who
384 3501 446 3550 held
456 3501 519 3564 high
530 3502 595 3550 rank
605 3518 633 3551 or
644 3503 730 3562 office3
746 3518 788 3551 see
798 3507 859 3552 note
869 3502 909 3552 ch.
923 3515 945 3552 1.

271 3589 307 3636 14.
326 3578 398 3631 qnid
408 3578 444 3624 de
456 3579 550 3624 cetero
562 3582 673 3633 ageret:
693 3576 764 3625 ‘how
775 3575 808 3626 he
819 3575 911 3625 should
922 3581 964 3625 act
974 3576 1002 3624 in
1012 3575 1058 3624 tho
1068 3571 1171 3624 future!

270 3661 310 3711 15.
327 3651 470 3700 consuluit
490 3652 650 3707 Traianum.
677 3651 744 3700 Plin.
757 3650 824 3714 Epp.
836 3667 861 3699 n
873 3649 922 3714 96:
940 3666 982 3699 see
993 3650 1038 3699 the
1047 3650 1125 3698 letter
1134 3647 1232 3713 printed

236 3722 265 3770 in
275 3722 321 3771 the
330 3722 466 3784 Appendix
476 3721 540 3773 with
547 3721 661 3786 Trajan’s
671 3723 760 3788 reply;
771 3724 822 3773 and
830 3723 874 3772 the
881 3724 994 3774 remarks
1010 3724 1038 3772 in
1045 3722 1232 3774 thelntroduc-

237 3798 300 3855 tion,
311 3811 375 3860 page
386 3795 438 3843 xiv.
