2784 4242
136 263 268 328 cmix]
336 255 494 321 adversus
517 254 635 320 Gentes
650 265 714 337 pro
739 254 946 322 Christianis.
1100 271 1142 343 35

137 432 236 487 tatum
257 431 311 487 est.
366 424 463 485 Aiunt
484 432 516 487 et
539 426 619 505 apud
639 427 782 505 quosdam
808 427 933 506 gentiles
962 427 1140 505 Scytharum

138 526 310 585 defunctum
323 544 466 602 quemque
479 545 498 583 a
513 525 573 584 suis
587 525 707 585 comedi.
748 525 849 604 Longe
867 546 999 587 excurro.
1042 527 1140 587 Hodie

137 625 208 684 istic
228 624 367 682 Bellonae
386 629 515 682 sacratos
533 623 653 700 sanguis
667 624 703 683 de
724 624 831 684 femore
851 623 993 703 proscisso
1007 625 1141 702 parmula

138 730 279 800 exceptus
294 727 325 782 ct
337 721 398 782 suis
412 722 499 781 datus
511 720 617 800 signat.
657 722 736 782 Item
744 723 799 796 illi,
808 724 858 800 qui
871 742 992 783 munere
1005 723 1038 782 in
1051 744 1141 784 arena

138 823 295 882 noxiorum
311 820 516 897 jugulatorum
535 819 709 897 sanguinem
729 827 877 881 recentem
898 819 949 904 [de
965 821 1071 900 jugulo
1091 823 1164 900 de·5

138 924 307 981 currentem
328 915 498 1001 exceptum]
523 919 611 979 avida
631 918 682 978 siti
702 920 844 980 comitiali
866 907 967 981 morbo
990 922 1141 981 medentes

138 1021 311 1091 hauserunt,
325 1017 378 1077 ubi
395 1019 487 1077 suntl
507 1017 578 1077 item
592 1018 647 1091 illi,
658 1018 715 1096 qui
729 1019 764 1079 de
785 1040 873 1080 arena
890 1019 994 1081 ferinis
1013 1020 1141 1081 obsoniis

138 1124 257 1191 cenant,
271 1118 323 1196 qui
343 1118 380 1177 de
400 1137 482 1194 apro,
497 1117 548 1195 qui
567 1118 603 1178 de
620 1138 708 1180 cervo
720 1120 847 1197 petuntl
888 1117 969 1197 Aper
982 1119 1140 1197 illaquam

138 1216 316 1290 cruentavit,
339 1216 523 1277 colluctando
544 1216 684 1292 detersit;
720 1237 825 1277 cervus
845 1218 897 1277 ille
917 1218 949 1277 in
968 1218 1141 1296 gladiatoris

138 1316 284 1394 sanguine
306 1337 337 1376 se
356 1316 491 1395 jactavit.
533 1314 671 1394 Ipsorum
698 1337 834 1376 ursorum
856 1316 932 1376 alvei
958 1321 1140 1394 appetuntur
1151 1338 1181 1375 ιο

138 1415 324 1475 cruditantes
337 1415 433 1474 adhuc
446 1415 483 1474 de
496 1414 659 1474 visceribus
672 1414 816 1474 humanis.
857 1415 1004 1474 Ructatur
1017 1416 1141 1493 proinde

138 1515 178 1573 ab
195 1513 311 1573 homine
325 1534 392 1573 caro
406 1519 489 1592 pasta
503 1513 539 1572 de
552 1513 678 1573 homine.
721 1514 802 1573 Haec
817 1513 869 1590 qui
883 1513 979 1586 editis,
994 1520 1138 1592 quantum

138 1612 249 1672 abestis
263 1632 281 1671 a
294 1610 436 1672 conviviis
447 1611 704 1672 Christianorumi
732 1612 832 1672 Minus
846 1617 945 1672 autem
957 1612 1004 1670 illi
1017 1613 1138 1686 faciunt,

139 1712 194 1789 qui
207 1710 330 1770 libidine
340 1712 402 1771 fera
415 1710 550 1770 humanis
563 1711 703 1771 membris
711 1711 836 1785 inhiant,
845 1711 1138 1788 quiavivosvorantl

139 1809 238 1869 minus
261 1810 390 1869 humano
415 1808 556 1886 sanguine
580 1809 617 1868 ad
640 1810 813 1887 spurcitiam
835 1816 1049 1881 consecrantur,
1069 1809 1138 1887 quia
1149 1831 1178 1882 15

138 1908 274 1968 futurum
289 1907 462 1984 sanguinem
475 1908 629 1968 lambuntl
651 1928 711 1968 non
729 1909 823 1968 edunt
836 1908 961 1967 infantes
979 1908 1073 1985 plane,
1088 1908 1140 1967 sed

139 2006 234 2084 magis
254 2007 387 2084 puberes.
428 2007 589 2066 Erubescat
610 2027 693 2067 error
713 2012 811 2067 vester
831 2006 1016 2077 Christianis,
1033 2007 1083 2083 qui
1105 2027 1142 2066 ne

138 2104 310 2167 animalium
325 2104 442 2182 quidem
462 2106 633 2182 sanguinem
647 2106 680 2164 in
701 2107 796 2183 epulis
814 2106 970 2166 esculentis
990 2105 1141 2177 habemus,

176 2260 199 2295 2.
216 2261 234 2295 e
251 2248 311 2294 suis
331 2247 456 2295 comedi:
474 2246 532 2295 odo.
552 2246 635 2295 Marc.
653 2245 672 2294 i.
691 2260 721 2305 1;
742 2245 838 2295 Herod.
859 2245 876 2295 i.
898 2243 964 2304 2163
982 2245 1060 2295 Silius
1078 2245 1139 2295 Ital.
1239 2288 1240 2293 ,

140 2321 238 2370 Punic.
251 2320 304 2368 xiii.
316 2317 365 2382 466
377 2320 420 2380 ff.;
437 2321 456 2368 J
458 2335 534 2368 erom.
546 2320 604 2369 ado.
619 2321 677 2371 Joo.
691 2333 713 2368 2.

219 2398 314 2443 Hodie
325 2397 398 2443 istic.
432 2393 552 2459 ‘To-day,
564 2393 676 2443 ethome
688 2433 694 2444 .
708 2432 715 2444 .
728 2391 752 2456 .,'
762 2394 781 2444 i.
791 2411 811 2443 e.
822 2397 830 2420 ‘
843 2394 904 2443 here
915 2394 942 2443 in
953 2393 1097 2458 basnage!

175 2482 200 2530 3.
217 2471 352 2518 Bellonae
373 2473 505 2529 saomtos,
524 2471 571 2517 etc.
605 2468 692 2532 Oomp.
711 2468 770 2517 Ael.
790 2467 920 2531 Lamprid.
944 2467 1095 2519 Commodus
1113 2483 1138 2532 9,

140 2543 280 2592 ‘Bellonae
292 2541 431 2591 servientes
441 2557 501 2591 vere
512 2558 628 2591 exsecare
643 2542 776 2592 brachium
789 2542 916 2606 praecepit
930 2542 1015 2591 nudie
1031 2543 1138 2592 crudeli·

139 2614 217 2668 tatis‘
228 2634 236 2677 ;
254 2617 329 2681 Verg.
341 2616 408 2666 Asa.
423 2617 478 2666 viii.
492 2625 547 2680 703,
560 2617 685 2666 ‘Bellona
696 2633 754 2666 cum
765 2617 903 2680 sanguineo
915 2613 1033 2679 flagello?

174 2691 198 2741 6.
216 2694 356 2742 comitiali
367 2693 467 2741 morbo
475 2695 629 2751 medentes,
643 2692 688 2740 ‘as
699 2707 716 2740 a
725 2707 785 2740 cure
795 2691 835 2740 ior
846 2689 974 2756 epilepsy.'

176 2780 215 2816 11.
233 2768 408 2816 cruditantes
427 2802 434 2816 .
452 2803 458 2815 .
477 2801 483 2814 .
500 2761 644 2816 humanis.
671 2766 757 2830 Oomp.
769 2766 882 2816 Salvian.
894 2766 924 2815 de
936 2765 992 2830 qut.
1003 2764 1055 2815 Dei
1066 2766 1101 2815 vi.
1115 2780 1137 2826 2,

93 2884 97 2888 .
140 2840 282 2900 ‘Primum
294 2839 362 2903 quod
372 2839 437 2888 nihil
447 2839 527 2888 ferme
537 2840 580 2888 vel
596 2840 732 2889 criminum
747 2840 790 2888 vel
805 2840 961 2904 flagitiorum
977 2844 1016 2889 est
1031 2838 1099 2904 quod
1110 2839 1138 2888 in

140 2913 291 2978 spectaculis
302 2929 353 2962 non
365 2914 415 2974 sit;
432 2913 475 2962 ubi
487 2929 613 2963 summum
624 2914 771 2963 deliciarum
787 2930 867 2978 genus
884 2919 923 2963 est
939 2914 1003 2963 mori
1014 2913 1137 2973 homines,

141 2992 206 3038 ant.
220 3024 227 3037 .
239 3023 245 3036 .
258 2988 353 3052 expleri
365 2988 477 3037 ferorum
488 2988 560 3037 alvos
571 2987 690 3038 humanis
706 2989 833 3048 carnibus,
845 2988 941 3038 comedi
955 2988 1069 3037 homines
1080 3004 1137 3037 curn

139 3062 360 3117 circumstantium
370 3062 470 3111 laetitia
482 3098 488 3111 .
500 3098 506 3110 .
520 3099 526 3112 .
539 3066 566 3112 et
578 3067 608 3112 ut
619 3062 734 3111 deuorari
745 3063 843 3126 possint
853 3078 869 3111 a
880 3061 939 3110 feris
950 3062 1047 3110 viscera
1057 3061 1136 3110 homi·

138 3153 211 3198 num,
223 3137 345 3186 nonlicet
357 3142 475 3186 naturam
485 3153 571 3187 rerum
582 3137 679 3201 aliquid
689 3137 783 3186 babere
794 3133 935 3186 secretum?

176 3221 214 3276 17.
232 3213 282 3268 qui
293 3224 329 3259 ne
341 3213 507 3260 animalium
515 3214 631 3269 quidem
642 3214 817 3268 sanguinem.
850 3209 938 3271 Blood,
951 3225 979 3258 as
990 3209 1035 3258 the
1045 3210 1137 3259 visible

139 3285 340 3350 representation
351 3285 379 3333 of
387 3292 394 3312 ⁴
403 3285 448 3333 the
458 3283 521 3345 life,'
532 3301 585 3334 was
600 3285 732 3334 forbidden
749 3300 778 3333 as
792 3300 826 3335 an
842 3284 930 3333 article
947 3283 975 3332 of
983 3283 1041 3332 food
1054 3284 1081 3332 in
1091 3284 1137 3334 the

139 3360 244 3411 earliest
254 3358 423 3422 prae-Messio
437 3359 580 3422 legislation
592 3359 669 3424 (Gen.
681 3360 715 3408 ix.
727 3357 791 3421 4-6;
809 3374 888 3421 comp.
900 3358 991 3421 Apoet.
1003 3357 1089 3408 Oonst.
1101 3360 1137 3408 vi.

141 3433 194 3494 ne),
210 3433 262 3483 and
278 3432 324 3481 the
340 3432 496 3496 prohibition
513 3447 565 3481 was
583 3432 726 3482 reinforced
746 3433 774 3481 in
789 3431 834 3481 the
851 3431 975 3480 Levitical
990 3431 1051 3481 code
1063 3432 1134 3494 (Lev.

71 3546 75 3555 .
138 3507 201 3557 xvii.
216 3507 317 3569 10-14)‚
328 3506 380 3555 and
391 3507 466 3572 again
474 3507 509 3570 by
519 3507 564 3556 the
575 3507 681 3556 Council
692 3507 720 3556 of
728 3507 872 3556 Jerusalem
883 3507 986 3569 dealing
996 3506 1059 3555 with
1068 3508 1139 3557 Gen·

139 3583 186 3632 tile
203 3585 321 3631 converte
339 3581 414 3642 (Acts
430 3598 472 3630 ru.
491 3583 543 3644 so).
578 3582 606 3630 It
619 3582 664 3631 bas
685 3597 745 3630 ever
760 3581 897 3631 continued
913 3581 957 3630 the
973 3581 1029 3630 rule
1046 3582 1075 3631 iu
1091 3583 1136 3634 the

138 3658 251 3706 Baetem
261 3655 370 3716 Ghuroh,
382 3656 433 3704 and
441 3671 493 3704 was
504 3656 564 3719 long
572 3656 692 3705 obeerved
700 3657 728 3704 in
736 3655 781 3704 the
787 3656 868 3705 West.
903 3655 988 3719 Gomp.
1002 3656 1032 3705 de
1039 3673 1135 3722 merop.

139 3745 170 3795 53
188 3728 282 3780 Euseb.
295 3745 319 3778 v.
331 3728 349 3789 i,
361 3726 408 3777 πῶς
418 3725 449 3776 ἂν
465 3726 547 3776 παιδία
563 3727 666 3792 φάγοιεν
682 3731 707 3777 οἱ
716 3729 830 3790 τοιοῦτοι,
844 3727 878 3779 cis
888 3728 949 3792 μηδὲ
960 3728 1058 3792 ἀλόγων
1071 3728 1096 3791 ζ’

136 3805 198 3867 αἷμα
215 3802 308 3868 φαγεῖν
327 3800 396 3864 ὲξόν;
419 3803 497 3852 Olem.
515 3803 592 3853 Alex.
611 3803 693 3853 Paed.
711 3804 746 3853 iii.
767 3817 797 3865 33
813 3804 905 3855 Strorr.
923 3806 957 3853 iv.
978 3819 1024 3868 15;
1041 3806 1134 3871 Origen

135 3884 219 3934 contr.
233 3877 302 3930 Cels.
314 3877 368 3929 viii.
380 3892 428 3941 3o;
445 3877 503 3942 Gyr.
515 3878 534 3927 J
536 3893 571 3928 er.
582 3878 684 3928 Oatecla
695 3877 730 3926 ix.
744 3880 792 3940 sit;
808 3880 869 3929 xvii.
882 3893 922 3944 ²9·

614 3980 665 4021 Da
