2784 4242
147 225 210 272 oss.
222 217 276 283 1v.]
344 210 502 275 aduersus
527 208 645 275 Gentes
658 219 723 292 pro
747 209 953 278 Christianis.
1112 223 1152 292 15
1202 164 1217 280 i

145 405 165 443 a
187 382 269 443 vobis
289 380 372 462 (nam
395 401 450 440 nec
470 380 595 441 nominis
615 386 696 442 certa
717 388 763 443 cst
785 383 892 443 notitia
912 404 1001 461 penes
1021 381 1094 462 vos),
1116 383 1153 442 dc

146 480 294 542 suavitate
314 479 359 540 vel
381 479 564 557 benignitate
584 481 777 558 compositum
797 489 852 542 cst.
901 481 1011 542 Oditur
1031 501 1099 558 ergo
1119 480 1152 539 in

147 578 315 639 hominibus
328 578 460 638 innocuis
473 578 563 637 etiam
576 599 683 638 nomen
696 580 861 642 innocuum.
891 622 905 630 s

190 677 235 737 Ac
244 677 323 738 enim
337 682 416 738 secta
430 676 530 736 oditur
543 677 575 735 in
588 677 705 737 nomine
717 679 819 756 utique
834 678 880 739 sui
893 679 1031 739 auctoris.
1074 677 1152 752 Quid

147 775 228 848 novi,
242 775 269 836 si
282 775 381 853 aliqua
394 775 551 853 disciplina
571 775 608 835 dc
621 776 763 854 magistro
782 783 1007 855 cognomentum
1028 782 1178 842 secuto-5

148 874 233 934 ribus
257 874 318 935 suis
343 860 480 933 inducitl
530 874 637 933 Nonne
657 874 824 953 philosophi
843 876 880 934 de
903 875 1070 936 auctoribus
1092 875 1152 936 suis

148 978 359 1052 nuncupantur
379 973 531 1047 Platonici,
547 973 697 1051 Epicurei,
713 957 923 1052 Pythagorici?
944 975 1033 1035 ctiam
1051 974 1153 1036 alocis

129 1058 425 1149 conventiculorum,
445 1079 475 1130 et
502 1071 662 1132 stationum
689 1093 807 1132 suarum
836 1073 937 1144 Stoici,
964 1073 1153 1134 Academicit

148 1177 239 1248 atque
260 1170 364 1230 medici
385 1170 423 1228 ab
445 1169 633 1241 Erasistrato,
654 1176 684 1230 et
705 1170 892 1248 grammatici
912 1172 951 1231 ab
970 1171 1152 1242 Aristarcho,

149 1269 213 1329 ccci
239 1268 329 1329 ctiam
356 1268 393 1334 ab
420 1267 548 1345 Apiciot
599 1268 662 1328 Nec
695 1266 797 1329 umen
824 1288 998 1347 quemquam
1032 1270 1155 1330 offendit
1166 1293 1195 1331 ιο

148 1367 291 1447 professio
304 1366 438 1439 nominis,
453 1385 519 1426 cum
532 1366 721 1427 institutione
735 1368 904 1428 transmissa
924 1370 962 1429 ab
976 1368 1153 1429 institutore.

150 1468 241 1527 Plane
262 1464 352 1544 siqui
364 1465 469 1542 probet
483 1466 591 1531 malam
603 1472 713 1526 sectam
726 1472 757 1527 ct
770 1467 815 1527 ita
834 1468 943 1527 malum
957 1474 1113 1540 auctorem,
1128 1468 1154 1527 is

149 1567 288 1645 probabit
296 1573 327 1625 ct
339 1585 446 1625 nomen
456 1566 566 1625 malmn
580 1566 702 1643 dignum
716 1566 784 1626 odio
795 1566 832 1627 dc
841 1574 927 1630 reatu
940 1573 1036 1640 sectae
1046 1571 1154 1626 etauc-

150 1666 233 1727 toris.
274 1666 403 1743 ideoque
431 1671 501 1726 ante
528 1667 628 1726 odium
654 1667 783 1726 nominis
804 1666 986 1744 competebat
1007 1666 1089 1744 prius
1118 1666 1154 1726 dc
1248 1668 1253 1676 '

150 1772 270 1826 auctore
284 1769 393 1824 sectam
407 1783 617 1840 recognoscere,
633 1764 681 1823 vel
693 1771 843 1825 auctorem
853 1767 889 1825 dc
903 1771 990 1826 aecta.
1021 1765 1064 1825 At
1077 1783 1194 1834 nunc15

150 1863 307 1939 utriusque
324 1862 511 1941 inquisitione
524 1868 555 1923 ct
567 1863 718 1940 agnitione
731 1865 865 1941 neglecta
878 1885 982 1924 nomen
996 1863 1154 1935 detinetur,

150 1981 259 2048 nomen
273 1965 465 2040 expugnatur,
479 1966 510 2020 ct
529 1962 660 2047 ignotam
675 1967 792 2034 sectam,
807 1963 942 2040 ignotum
959 1968 990 2022 ct
1006 1969 1154 2022 auctorem

151 2081 211 2122 vox
225 2052 288 2122 sola
299 2061 497 2286 Teutonum,
508 2060 579 2140 quia
594 2061 791 2134 nominantur,
801 2082 860 2121 non
870 2061 939 2141 quia
953 2062 1152 2122 revincuntur.

548 2349 683 2411 CAPUT
709 2349 765 2412 IV.

195 2501 309 2570 Arcus
331 2500 404 2577 adeo
428 2501 512 2579 quasi
534 2503 685 2579 praefatus
706 2501 778 2562 haec
800 2503 838 2563 ad
860 2502 1074 2582 suggillandam
1095 2503 1154 2563 odii
1166 2519 1196 2554 20

154 2621 226 2679 erga
239 2620 294 2661 nos
307 2599 418 2678 publici
431 2599 628 2678 iniquitatem,
640 2602 702 2677 jam
716 2601 754 2660 de
768 2621 872 2663 caussa
885 2601 1068 2662 innocentiae
1087 2621 1154 2661 con-

154 2702 265 2787 sistam,
274 2720 328 2758 nco
338 2704 455 2759 tantum
468 2699 601 2758 refutabo
615 2700 692 2777 quac
705 2684 789 2759 nobis
803 2699 990 2777 objiciuntur,
1001 2700 1052 2761 scd
1066 2700 1155 2760 ctiam
1253 2690 1256 2696 ’

154 2801 187 2859 in
205 2799 292 2878 ipsos
299 2798 475 2876 retorquebo
495 2798 547 2877 qui
567 2798 727 2877 objiciunt3
749 2804 784 2858 ut
801 2820 838 2858 cx
855 2800 911 2860 hcc
926 2820 1042 2879 quoquc
1061 2799 1156 2859 sciant

155 2930 257 2981 assidue
265 2930 453 2980 tumultuantes
461 2927 663 2994 Romaexpulit’
676 2931 829 2995 (Actsxviii.
844 2929 868 2992 r)
879 2947 886 2990 ;
896 2932 976 2982 Tacit.
986 2931 1056 2979 Anu.
1064 2945 1105 2979 xv.
1114 2945 1154 2992 44,

155 3011 235 3069 ‘quos
242 3003 389 3067 perflagitia
400 3003 503 3065 invisos,
511 3003 603 3067 vulpis
610 3004 771 3053 Chresticncs
780 3002 952 3068 adpellabat’;
963 3005 1080 3053 Lactaut.
1091 3003 1155 3051 Inat.

155 3079 217 3129 Dio.
228 3079 263 3128 iv.
272 3089 297 3143 7,
311 3076 375 3127 ‘Sed
383 3075 530 3141 exponenda
539 3076 615 3142 hujus
627 3078 737 3127 nominis
746 3080 813 3127 ratic
824 3085 862 3127 cst
873 3084 975 3142 propter
985 3077 1156 3141 ignorantium

156 3168 273 3212 errorem
292 3153 337 3216 qul
354 3167 413 3201 sum
429 3151 580 3203 inmutatur
592 3152 680 3201 littera
698 3152 834 3202 Chrestnm
852 3154 935 3203 solent
954 3149 1067 3213 dicere’;
1083 3151 1102 3200 J
1105 3156 1154 3200 ust.

156 3228 238 3278 Mart.
261 3226 339 3290 Apol.
361 3226 378 3273 i.
403 3243 427 3286 4,
445 3224 526 3274 Ὅσον
547 3241 575 3272 τε
602 3226 631 3274 ἐκ
652 3224 698 3274 τοῦ
718 3225 930 3288 κατηγορουμένου
951 3224 1018 3286 ἡμῶν
1040 3223 1157 3285 ὀνόματος

155 3298 322 3366 χρηστότατοι
340 3298 489 3361 ὑπάρχομίν,
499 3299 551 3348 and
561 3301 637 3363 again
646 3299 717 3360 itit,
730 3299 870 3363 Χριστιανοὶ
880 3298 928 3362 γὰρ
940 3296 999 3349 εἶναι
1010 3297 1157 3361 κατηγορού-

154 3377 223 3437 uado·
239 3372 270 3423 τὸ
287 3374 313 3423 δὲ
336 3372 447 3436 χρηστὸν
464 3372 585 3441 mariadoc
604 3373 633 3421 οὐ
656 3370 753 3425 δίκαιον,
787 3374 954 3423 Clam-Alex.
976 3374 1068 3423 Strcm.
1086 3374 1112 3424 ii.
1131 3390 1154 3436 4,

155 3447 248 3499 sorba
268 3450 291 3497 ot
312 3448 345 3497 cis
361 3446 406 3496 τὸν
424 3446 532 3510 Χριστὸν
549 3448 735 3499 πεπιστευκότες
752 3446 856 3511 χρηστοί
869 3448 897 3498 τέ
915 3448 961 3496 elci
976 3446 1016 3496 καὶ
1030 3446 1156 3511 λέγονται,

155 3524 242 3588 Comp.
256 3523 354 3574 chcrt.
367 3522 402 3572 ad
411 3525 478 3586 pent.
490 3536 505 3586 9
515 3538 522 3582 ;
538 3522 649 3588 Theoph.
661 3523 696 3571 cd
707 3522 790 3575 Autol.
800 3523 818 3571 i.
833 3536 854 3574 1.

189 3612 228 3649 no.
246 3594 283 3648 ad
301 3601 523 3657 suoegfflsncam:
541 3598 614 3648 ‘that
631 3598 646 3646 I
660 3598 744 3663 might
758 3598 820 3647 hold
834 3614 869 3663 up
883 3602 911 3648 to
928 3595 1072 3662 contempt’
1081 3614 1089 3660 3
1114 3614 1155 3647 see

155 3679 215 3723 note
227 3689 260 3723 on
271 3672 429 3736 suppillctio,
441 3671 480 3721 ch.
495 3685 532 3723 11.

189 3764 228 3800 21.
247 3752 415 3800 consistam:
442 3764 458 3796 a
478 3747 594 3812 military
610 3748 743 3813 metaphor
752 3765 759 3811 ;
782 3750 834 3798 and
844 3765 872 3800 sc
884 3748 923 3800 ch.
936 3748 977 3815 46,
989 3750 1155 3810 constitimus,

154 3828 208 3877 ‘wc
219 3827 286 3876 have
297 3823 358 3874 held
369 3840 415 3874 our
425 3822 552 3889 position?
