2784 4242
142 248 284 313 cmxii]
335 237 493 305 adversus
519 239 635 305 Gentes
648 249 713 323 pro
738 239 946 307 Christianis.
1100 255 1144 323 47

141 408 262 488 quidem
281 430 384 471 massa.
427 410 465 469 Iu
485 411 604 470 metalla
624 411 814 471 damnamur:
836 409 904 471 inde
925 416 1080 472 censentur
1100 411 1144 471 dii

141 508 244 569 vestri.
285 508 325 567 Iu
349 509 462 569 insulas
485 509 668 586 relegamur:
700 510 774 569 solet
798 510 885 569 etin
908 509 1013 570 insulis
1036 510 1145 588 aliquis

142 607 215 671 deus
224 611 321 667 vester
334 612 387 666 aut
400 607 479 667 nasci
493 613 546 667 aut
559 608 645 669 mori.
680 607 714 668 Si
727 628 780 685 per
792 609 864 668 haec
875 615 991 668 constat
1004 593 1145 668 divinitas

141 705 251 782 aliqua,
273 726 342 783 ergo
363 706 414 784 qui
434 706 603 784 puniuntur
623 711 837 779 consecrantur,
859 714 890 767 et
910 704 1033 767 numina
1057 704 1168 766 erunt'

143 804 267 864 dicenda
289 804 440 883 supplicia.
482 804 541 866 Sed
560 805 646 882 plane
667 826 726 864 uon
746 806 878 865 sentiunt
898 804 951 865 has
971 805 1095 883 injurias
1115 813 1169 879 et5

141 903 335 963 contumelias
355 924 425 963 suae
442 902 643 963 fabricationis
657 903 701 962 dii
714 905 815 976 vestri,
831 905 907 965 sicut
926 925 979 964 uec
999 905 1145 982 obsequia.

144 1002 172 1062 Ο
189 1001 296 1079 impiae
310 1023 404 1075 voces,
419 1022 436 1061 o
454 1002 594 1079 sacrilega
615 1002 762 1062 convicia!
783 1003 949 1075 infrendite,
963 1004 1145 1082 inspumate!

143 1098 235 1160 iidem
252 1099 332 1174 estis,
347 1101 399 1179 qui
413 1100 551 1161 Senecam
565 1100 691 1179 aliquem
709 1101 845 1179 pluribus
859 1108 890 1160 et
904 1101 1096 1161 amarioribus
1109 1101 1146 1160 de

143 1207 243 1259 vestra
270 1200 477 1277 superstitione
504 1205 688 1277 perorantem
715 1200 954 1278 reprehendistis.
996 1200 1093 1277 Igitur
1121 1198 1146 1260 si

142 1302 258 1358 statuas
279 1304 310 1358 et
330 1299 471 1377 imagines
495 1297 617 1377 frigidas
637 1304 821 1357 mortuorum
840 1319 959 1358 suorum
983 1299 1146 1359 simillimae
1156 1317 1188 1354 10

143 1418 203 1456 non
224 1398 386 1472 adoramus,
408 1418 480 1476 quas
500 1396 584 1456 milvi
604 1400 634 1456 et
653 1417 751 1456 mures
772 1401 802 1456 et
824 1418 945 1457 araneae
965 1398 1147 1475 intelligunt,

144 1516 243 1555 noune
265 1496 383 1555 laudem
407 1495 509 1573 magis,
532 1515 621 1572 quam
646 1512 776 1574 poenam,
801 1496 969 1554 merebatur
992 1497 1147 1574 repudium

144 1594 241 1672 agniti
266 1595 396 1654 errorisl
441 1595 598 1654 Possumus
625 1594 703 1653 euim
730 1593 825 1653 videri
851 1594 967 1654 laedere
994 1616 1049 1668 eos,
1074 1617 1147 1674 quos

144 1842 234 1888 manet
256 1842 283 1887 et
305 1837 367 1886 olim
390 1852 478 1886 eversa
500 1841 540 1886 est
563 1836 686 1886 Caelestis
693 1851 701 1896 ;
730 1837 791 1900 quia
815 1852 867 1886 non
888 1838 940 1887 fuit
966 1838 1082 1888 caelestis
1103 1839 1148 1888 sed

143 1909 290 1963 terrestris!
322 1912 370 1963 See
393 1913 528 1975 Dltlliuger
557 1911 632 1961 Garat.
656 1911 711 1960 aad
731 1911 787 1960 Jeao
810 1911 827 1960 i.
850 1913 913 1975 4383
942 1913 1054 1962 Milman
1075 1913 1146 1963 Hoc.

144 1987 243 2039 Chat.
256 1987 282 2036 ii.
297 1995 351 2050 175.

182 2074 204 2109 1.
223 2064 259 2110 In
270 2063 385 2111 metella
398 2063 573 2110 damnamur.
607 2060 674 2109 ‘We
686 2075 730 2108 are
742 2059 898 2110 condemned
911 2066 940 2111 tc
951 2060 996 2111 the
1006 2062 1104 2112 mines:
1122 2063 1145 2111 it

143 2136 168 2185 is
179 2134 244 2184 from
255 2135 346 2184 thence
357 2133 416 2184 that
426 2150 491 2199 your
500 2134 563 2198 gods
575 2134 663 2184 darive
673 2134 744 2183 their
754 2132 860 2199 being';
876 2150 918 2184 see
931 2141 994 2185 note
1009 2152 1042 2185 on
1052 2152 1145 2195 cenans,

144 2209 187 2258 ch.
201 2219 230 2273 7;
247 2209 298 2258 aud
308 2209 398 2268 belen,
410 2207 449 2257 ch.
462 2222 501 2272 29.
527 2208 581 2256 The
591 2208 690 2256 marble
704 2210 819 2272 quarries
831 2208 858 2258 of
866 2208 912 2258 the
922 2210 1085 2271 Ghersonese,
1096 2209 1148 2259 and

144 2283 194 2333 the
211 2282 292 2331 mines
308 2282 336 2330 in
353 2281 440 2346 Sicily,
457 2281 542 2346 Spain,
560 2282 720 2342 Macedonia,
739 2283 791 2332 and
807 2283 905 2332 Arabia
921 2300 988 2333 were
1003 2284 1149 2349 frequently

141 2358 259 2410 selected
269 2357 309 2407 for
319 2357 364 2407 the
374 2358 450 2421 perrel
461 2357 590 2407 servitude
601 2357 629 2407 oi
637 2357 768 2407 Christian
782 2359 937 2420 confessam
954 2358 1046 2410 Euseb.
1059 2360 1093 2409 iv.
1108 2374 1148 2421 23,

144 2433 204 2484 viii.
229 2446 277 2494 13;
303 2432 384 2481 Mart.
406 2431 493 2496 Polyc.
517 2434 550 2493 8;
574 2433 694 2496 Cyprian.
717 2432 802 2496 Epist.
825 2433 914 2494 lxxvii,
941 2435 1017 2496 1m;
1040 2434 1148 2483 Tertull.

144 2509 180 2558 de
182 2506 253 2571 pall.
263 2519 277 2568 3
287 2522 294 2565 ;
306 2506 337 2554 de
345 2505 475 2569 caltfcm.
485 2506 501 2555 i.
512 2518 526 2568 5
537 2505 769 2569 ;comp.1dghtfcot
778 2506 854 2557 Olem.
863 2507 935 2556 Rom.
943 2508 961 2558 i.
973 2522 1034 2573 290;
1046 2508 1097 2557 and
1103 2508 1148 2556 the

145 2581 201 2630 Ine.
221 2578 249 2628 of
265 2579 355 2643 Apost.
374 2579 482 2629 constit.
506 2577 558 2627 and
576 2578 604 2627 of
620 2580 646 2628 S.
664 2579 743 2628 Mark
766 2579 793 2628 in
816 2581 985 2632 Hammond's
1011 2581 1148 2646 hitrryiee,

144 2669 227 2720 pp.9,
241 2655 295 2703 181.

184 2743 206 2778 2.
224 2731 261 2776 In
274 2729 383 2776 insulas
402 2728 569 2785 relegamur.
603 2725 658 2775 The
678 2727 775 2776 islanda
794 2729 878 2777 round
899 2728 945 2778 the
967 2729 1040 2778 shore
1060 2728 1089 2778 of
1103 2730 1148 2779 the

145 2803 358 2854 Mediterraneau
368 2818 435 2850 were
445 2800 490 2851 the
502 2802 575 2850 usual
587 2801 671 2864 places
682 2802 711 2851 oi
723 2802 886 2853 banishment
902 2805 982 2853 under
992 2805 1038 2853 the
1048 2804 1148 2853 Roman

145 2877 260 2942 empire;
276 2892 355 2939 comp.
367 2876 406 2926 ch.
420 2890 442 2935 1,
454 2877 462 2903 ‘
469 2876 498 2925 in
509 2875 600 2924 insulis
611 2874 786 2938 Christianos,'
796 2877 848 2927 and
858 2879 897 2927 ch.
911 2888 950 2942 37.

183 2964 206 3013 3.
224 2953 293 2999 deus
312 2955 409 2999 vester
424 2955 474 2999 aut
493 2950 573 2998 nasci
590 2955 639 2998 aut
658 2953 748 3000 mori:
766 2966 819 3014 ep.
839 2951 933 3015 Apollo
953 2951 1005 3000 and
1021 2952 1105 3001 Diana
1120 2951 1149 2999 in

145 3026 244 3084 Delos,
260 3025 279 3074 J
281 3039 332 3072 uno
342 3024 371 3072 in
381 3023 468 3072 Samos
478 3039 485 3083 ;
501 3023 606 3086 Jupiter
616 3023 645 3070 in
656 3023 747 3083 Crete;
763 3040 842 3088 comp.
854 3025 893 3073 ch.
908 3039 938 3089 29
959 3040 999 3088 40.

183 3112 206 3161 5.
225 3101 283 3147 Sed
293 3100 377 3155 plene
388 3111 447 3146 non
458 3098 596 3146 sentiunt.
630 3096 717 3160 comp.
729 3097 768 3145 ch.
782 3111 820 3158 25.

183 3173 207 3221 8.
226 3175 375 3221 senecam:
393 3171 421 3218 in
430 3170 471 3219 his
481 3169 547 3219 book
557 3171 589 3219 de
599 3172 780 3234 superstitione
790 3171 971 3232 Romanorum,
981 3172 1065 3220 which
1076 3172 1099 3221 is
1109 3187 1148 3221 re·

144 3249 233 3300 ferred
243 3253 271 3298 to
281 3249 316 3314 by
326 3248 437 3312 August.
450 3247 480 3297 de
491 3248 601 3296 ciosDei
611 3248 646 3298 vi.
660 3261 700 3297 10.

223 3325 273 3381 qur
285 3358 310 3372 ..
324 3323 574 3379 ‚reprehendistis
606 3322 669 3371 This
686 3322 709 3371 is
726 3322 754 3371 of
766 3338 853 3371 course
867 3321 980 3372 ironical.
1014 3322 1070 3372 One
1089 3322 1146 3372 MS.

93 3437 96 3441 .
143 3397 224 3448 reads
235 3396 349 3460 prodetis
358 3413 365 3456 ;
382 3396 467 3445 others
482 3396 563 3445 insert
578 3412 644 3456 nom
661 3413 741 3460 comp.
758 3395 799 3446 ch.
816 3395 858 3461 46,
877 3395 962 3455 ‘Quin
978 3397 1030 3445 imo
1045 3401 1071 3446 et
1088 3396 1148 3449 deos

145 3476 247 3521 vestros
258 3471 343 3535 palam
355 3470 490 3520 destruunt
501 3506 508 3520 .
521 3507 527 3518 .
541 3469 721 3520 laudantibus
733 3467 821 3519 vobis?

184 3560 221 3596 11.
240 3561 310 3604 quas
320 3548 404 3593 milvi
418 3579 424 3593 .
437 3583 443 3595 .
457 3582 463 3596 .
475 3547 652 3603 intelligunt.
686 3546 753 3595 Min.
762 3545 835 3594 Felix
846 3558 884 3608 24,
892 3561 962 3594 more
973 3545 1146 3611 particularly,

145 3622 155 3649 ‘
165 3620 193 3668 in
205 3620 261 3684 ipso
272 3619 314 3668 dei
325 3619 405 3668 vestri
416 3635 458 3668 ore
469 3619 611 3669 nidificant.
644 3620 763 3668 Aranem
776 3635 835 3668 vero
845 3619 937 3669 faciem
953 3620 1008 3684 ejus
1018 3620 1146 3682 intexunt,

142 3702 174 3746 et
184 3694 217 3745 de
228 3695 282 3758 ipso
292 3693 376 3756 capite
387 3709 433 3743 sua
443 3694 488 3742 fila
498 3691 672 3758 suspendunt!

222 3770 398 3827 intelligunt,
411 3768 493 3818 ‘have
502 3784 537 3817 au
549 3773 665 3819 accurate
673 3767 825 3834 knowledge
836 3766 892 3831 oi';
907 3784 988 3834 comp.
999 3768 1039 3820 ch.
1055 3781 1095 3830 30,
1107 3775 1148 3819 ‘et
1184 3780 1188 3788 ·

143 3847 184 3899 ita
195 3843 283 3893 Deum
293 3841 459 3908 intelligunt!
