2784 4242
142 229 284 295 Graxa]
349 220 506 285 adversus
531 219 648 284 Gentes
662 230 727 302 pro
752 218 961 285 Christianis.
1079 230 1140 298 125

141 392 168 451 si
193 391 305 452 caelum
329 390 422 463 stetit,
446 391 472 451 si
495 397 576 451 terra
600 390 700 463 movit,
727 389 751 449 si
774 391 872 464 fames,
898 388 924 450 ei
945 390 1016 461 lues,
1041 388 1142 448 statim

142 489 426 550 OHRIS'I'IANOS
446 489 503 547 AD
526 488 703 550 LEONEM.
745 488 854 547 Tantos
868 490 906 548 ad
919 489 1032 548 unnmi

185 584 246 643 Oro
270 604 331 657 vos,
356 590 425 643 ante
444 582 606 655 Tiberium,
628 582 660 641 id
682 588 728 641 est
751 588 818 644 ante
840 582 954 641 Christi
975 582 1141 653 adventum,

139 690 269 761 quantae
283 683 378 742 clades
391 682 489 741 orbem
499 686 530 741 et
540 682 642 740 urbem
656 681 844 741 cecideruntl
873 681 1010 757 Legimus
1020 680 1142 752 Hieran,

138 781 289 858 Anaphen
307 786 338 841 et
352 780 447 839 Delon
463 786 494 841 et
507 780 633 839 Rhodon
647 787 677 838 et
692 778 734 838 Co
747 778 859 838 insulas
873 779 975 839 multis
988 800 1054 839 cum
1067 778 1167 844 mili-5

138 882 198 939 bus
218 879 369 940 hominum
388 899 505 956 pessum
525 878 640 941 abiisse,
682 878 826 937 Memorat
846 884 877 937 et
899 879 985 937 Plato
1004 880 1144 954 majorem

138 979 231 1037 Asiae
252 985 282 1038 et
306 977 424 1037 Africae
448 985 558 1036 terram
582 976 733 1035 Atlantico
755 976 830 1035 mari
854 983 992 1053 ereptam.
1034 977 1144 1036 Sedet

138 1096 222 1137 mare
237 1076 421 1137 Corinthium
438 1083 535 1136 terrae
556 1082 651 1134 motus
665 1075 766 1147 ebibit,
780 1080 811 1133 et
824 1075 870 1134 vis
886 1076 1032 1135 undarum
1049 1076 1144 1134 Luca-

138 1177 223 1235 niam
244 1175 349 1235 Italiae
370 1174 527 1234 abscissam
549 1173 582 1232 in
602 1174 721 1234 Siciliae
740 1194 846 1234 nomen
866 1174 1018 1251 relegavit.
1062 1176 1143 1236 Haec

139 1276 245 1352 utique
258 1296 318 1334 non
332 1275 395 1334 sine
409 1274 516 1351 injuria
529 1273 720 1333 incolentium
735 1274 866 1334 accidere
880 1280 1046 1351 potuerunt.
1082 1274 1144 1334 Ubi
1154 1293 1186 1338 io

138 1395 211 1433 vero
224 1373 306 1447 tunc,
320 1394 378 1432 non
392 1373 488 1432 dicam
501 1373 622 1431 deorum
635 1377 801 1431 vestrorum
815 1377 1030 1449 contemptores
1045 1371 1144 1431 Chris·

138 1473 226 1542 ciani,
251 1472 303 1532 sed
330 1472 388 1548 ipsi
413 1470 457 1529 dii
484 1470 584 1544 vestri,
610 1491 677 1530 cum
705 1476 800 1529 totum
828 1470 926 1529 orbem
954 1470 1144 1547 cataclysmus

138 1571 280 1644 abolevit,
289 1571 336 1630 vel
349 1578 384 1629 ut
397 1570 481 1629 Plato
491 1569 616 1647 putavit,
628 1574 789 1646 campestre
799 1568 999 1628 solummodol
1030 1570 1143 1629 Poster-

78 1724 80 1728 ,
139 1671 219 1734 iores
240 1669 317 1729 enim
338 1669 405 1729 illos
429 1669 511 1727 clade
534 1666 639 1728 diluvii
663 1672 867 1727 contestantur
890 1667 970 1745 ipsae
994 1669 1088 1739 urbes,
1111 1668 1143 1725 in

140 1769 250 1847 quibus
268 1769 333 1828 nati
351 1766 518 1845 mortuique
530 1775 610 1840 sunt,
625 1766 715 1826 etiam
729 1787 801 1842 ques
819 1766 1028 1848 condiderunt;
1050 1786 1143 1843 neque
1155 1793 1184 1843 15

140 1868 223 1927 enim
243 1868 314 1926 alins
334 1867 366 1925 in
387 1866 559 1925 hodiernum
580 1869 739 1935 manerent,
761 1864 818 1923 nisi
838 1869 869 1923 et
893 1863 972 1941 ipsae
994 1870 1143 1941 postumae

139 1966 235 2026 cladis
253 1967 342 2025 illius.
384 1966 524 2024 Nondum
538 1964 684 2024 Judaeum
703 1964 741 2022 ab
754 1962 887 2041 Aegypto
905 1982 1025 2021 examen
1044 1963 1143 2024 Palae·

139 2065 220 2125 atina
237 2069 412 2141 susceperat,
426 2084 480 2122 nec
497 2066 559 2139 jam
576 2062 638 2121 illic
656 2062 838 2121 Christianae
860 2066 956 2120 seciae
974 2061 1056 2137 origo
1076 2081 1143 2119 con-

139 2162 268 2235 sederat,
295 2183 386 2239 qnum
414 2162 546 2238 regiones
573 2161 673 2220 affines
700 2163 764 2236 ejus
791 2160 917 2220 Sodoma
944 2164 975 2219 et
1003 2160 1144 2222 Gomorra

138 2264 245 2340 igneus
264 2262 358 2321 imber
377 2260 497 2320 exussit.
538 2260 609 2319 Olet
627 2259 725 2318 adhuc
745 2259 879 2318 incendio
898 2265 985 2329 terra,
1003 2264 1033 2318 et
1045 2258 1072 2319 si
1086 2280 1143 2336 qua
1155 2285 1185 2330 zo

140 2360 203 2419 illic
219 2359 359 2418 arborum
376 2379 462 2437 poma
476 2366 627 2430 conantur,
643 2357 736 2417 oculis
750 2361 844 2430 tenus,
859 2362 990 2416 ceterum
1007 2363 1143 2418 contacta

139 2460 333 2519 cinerescunt.
375 2458 433 2517 Sed
453 2478 506 2520 nec
523 2457 627 2516 Tuscia
644 2459 707 2533 jam
727 2461 798 2515 tunc
819 2463 907 2533 atque
927 2456 1087 2534 Campania
1105 2457 1141 2516 de

140 2556 319 2619 Christianis
333 2557 519 2634 querebatur,
534 2576 625 2634 quum
639 2555 790 2617 Volsinios
804 2556 840 2615 de
854 2556 941 2627 caelo,
956 2556 1092 2633 Tarpeios
1105 2557 1141 2614 de

176 2685 199 2722 1.
218 2674 243 2719 si
259 2675 369 2722 caelum
386 2674 483 2720 stetit:
500 2673 549 2722 ie.
568 2671 608 2719 ‘if
621 2671 695 2720 there
715 2672 736 2719 is
753 2687 786 2719 no
803 2670 888 2731 rain’3
905 2674 979 2720 stetit
997 2672 1074 2735 being
1091 2687 1142 2720 enr-

64 2783 72 2791 .
139 2745 235 2811 ployed
246 2745 307 2794 here
323 2762 352 2795 as
368 2745 414 2795 the
429 2750 503 2794 exact
519 2745 654 2795 antithesis
671 2746 700 2794 of
713 2746 796 2798 movit.
830 2746 915 2810 Comp.
928 2747 1037 2811 August.
1050 2746 1082 2800 de
1093 2747 1138 2793 cio.

138 2819 230 2871 Delii.
243 2834 266 2881 3.
1092 2812 1096 2822 “

176 2910 198 2943 a.
218 2896 393 2944 christianos
408 2898 445 2943 ad
459 2896 586 2944 leonem:
614 2909 693 2957 comp.
715 2893 753 2943 ch.
778 2907 824 2954 123
849 2895 881 2943 de
896 2894 1007 2959 pudicit.
1028 2908 1074 2953 ²²3
1090 2894 1142 2942 aud

138 2973 209 3027 note,
219 2967 259 3019 ch.
271 2983 294 3033 9.

174 3058 199 3104 4.
216 3046 331 3092 urbem:
348 3042 366 3091 ι’.
376 3058 396 3089 e.
409 3041 496 3091 Rome.
529 3043 617 3106 comp.
628 3040 728 3091 Lucret.
741 3041 775 3098 si.
790 3041 871 3105 585ff.

208 3119 343 3176 Legimus
357 3119 477 3176 Hieran,
493 3119 642 3174 Anaphen.
677 3116 745 3164 Plin.
758 3116 787 3165 N
787 3153 794 3165 .
806 3116 842 3165 Η.
855 3116 882 3165 ii.
896 3116 944 3177 873
962 3116 1046 3163 Amm.
1058 3115 1140 3165 Marc.

137 3191 202 3242 xvii.
223 3201 245 3255 7.
275 3190 403 3240 'Volcenic
422 3190 518 3240 islanda
541 3191 569 3238 in
586 3190 631 3238 the
648 3191 742 3239 Cretan
760 3205 809 3239 sea
846 3190 896 3237 For
915 3188 959 3237 the
980 3190 1053 3238 other
1073 3194 1140 3239 cata·

139 3267 257 3331 atrophos
270 3266 417 3316 mentioned
427 3282 469 3315 aee
481 3266 550 3316 Plin.
564 3265 591 3314 ii.
602 3278 643 3331 90,
656 3280 705 3329 943
721 3266 757 3314 iii.
770 3266 784 3314 8
795 3283 801 3322 ;
819 3265 887 3314 Plat.
902 3264 967 3313 nim.
979 3262 995 3312 6
1002 3281 1009 3325 3
1025 3266 1093 3315 Tert.
1106 3267 1142 3315 ad

138 3342 205 3392 Nat.
215 3344 233 3390 i.
245 3356 269 3405 9.

176 3430 215 3466 ιο.
233 3421 261 3464 et
272 3418 297 3464 si
308 3430 364 3473 qua
375 3417 436 3463 illio
447 3417 578 3464 arborem
589 3429 688 3471 poma:
708 3416 774 3464 ‘and
783 3414 809 3463 if
816 3431 867 3478 any
874 3420 940 3463 trees
949 3413 1021 3463 there
1032 3418 1141 3477 attempt

138 3498 169 3541 to
179 3491 241 3539 bear
252 3489 323 3545 fruit,
335 3489 357 3538 it
368 3490 390 3538 ie
404 3489 442 3537 ior
453 3488 499 3537 the
510 3505 556 3553 eye
568 3489 644 3552 only;
662 3490 730 3538 since
741 3489 764 3537 it
774 3489 899 3538 crumbles
911 3494 938 3538 to
945 3487 1017 3537 ashes
1024 3504 1058 3537 on
1065 3489 1141 3553 being

79 3567 84 3574 “
138 3562 266 3616 touched?
300 3563 354 3612 The
365 3568 420 3612 text
431 3563 453 3612 is
464 3563 605 3613 uncertain.
639 3562 820 3613 OntheDead
831 3562 1143 3628 Seafruit.orApplesof

139 3640 242 3699 Sodom,
254 3654 295 3687 see
305 3638 386 3688 Tacit.
399 3637 469 3687 Hes.
482 3654 507 3687 v.
521 3646 534 3700 7
545 3654 553 3698 ;
568 3637 635 3686 Plin.
648 3655 673 3688 v.
688 3636 719 3685 16
726 3654 733 3698 ;
749 3639 769 3687 J
770 3638 854 3702 caeph.
867 3637 935 3690 Bell.
946 3636 1009 3686 Jad.
1021 3636 1055 3685 iv.
1069 3639 1091 3687 8.
1104 3651 1128 3702 4.

171 3726 214 3774 23.
232 3714 386 3761 Volsinios.
419 3711 486 3761 Plin.
501 3712 535 3760 N.
547 3712 582 3762 H.
594 3712 622 3762 ii.
634 3726 673 3773 52,
688 3725 727 3774 53.

207 3788 361 3843 nemetes:
380 3801 407 3834 so
423 3787 459 3834 ad
476 3786 541 3835 Nae.
559 3787 576 3836 i.
594 3801 626 3850 9;
643 3786 719 3835 MSS.
735 3790 744 3814 ‘
752 3784 904 3851 Pompeios,'
918 3786 1085 3851 erroneously,
1102 3786 1140 3837 for

139 3860 255 3925 Pompeii
266 3875 319 3908 was
329 3859 419 3909 huried
430 3873 455 3910 Δ.
464 3872 490 3908 D.
505 3870 542 3925 79.
579 3861 619 3910 On
631 3864 758 3918 peruidit
769 3877 811 3911 see
822 3867 890 3917 note,
902 3861 941 3910 ch.
956 3874 977 3910 1.
