2784 4242
268 226 331 290 116
547 224 748 290 Tertulliani
767 225 989 309 Apolcgeticus
1041 235 1275 300 [cmxxxvm.

266 397 365 473 plures
379 400 475 455 erunt.
517 395 576 454 Cui
588 396 666 455 bello
686 417 745 455 non
760 396 865 470 idonei,
882 418 940 456 non
962 397 1090 474 prompti
1106 396 1274 468 fuissemus,

265 493 354 558 etiam
374 493 502 571 impares
522 493 622 571 copiis,
645 495 698 571 qui
719 501 781 554 tam
805 495 932 554 libenter
952 496 1145 568 trucidamur,
1168 497 1194 556 si
1215 517 1274 555 uon

266 594 346 671 apud
365 593 454 651 istam
467 592 653 670 disciplinam
669 594 762 670 magis
777 594 869 653 occidi
886 594 997 667 liceret,
1013 615 1100 672 quam
1120 596 1275 655 occideret

266 692 422 751 Potsnmus
435 697 466 749 et
478 691 613 763 inermes,
626 713 678 752 nec
687 693 819 765 rebelles,
832 693 883 752 sed
897 694 1101 752 tantummodo
1115 693 1274 764 discordes,

242 790 356 860 ssolius
370 791 492 850 divortii
505 791 619 849 invidia
632 791 772 850 adversus
788 810 841 850 vos
854 791 1015 852 dimicasse.
1045 791 1078 850 Si
1092 791 1173 851 enim
1187 798 1275 851 tanta

266 890 311 949 vis
325 890 475 949 homiuum
495 890 527 949 in
547 888 675 967 aliquem
689 890 766 948 orbis
779 890 886 949 remoti
906 890 1003 948 sinum
1023 890 1243 967 abrupissemus
1256 910 1274 947 a

265 989 357 1058 vobis,
371 989 543 1048 suffudisset
566 987 703 1071 [pudore]
725 989 829 1067 utique
842 989 1069 1050 dominationem
1083 997 1216 1050 vestram
1230 996 1273 1048 tot

266 1087 515 1165 qualiumcunque
539 1089 655 1148 amissio
680 1089 798 1158 civium,
819 1088 877 1146 imo
897 1089 988 1147 etiam
1009 1093 1039 1148 et
1059 1088 1125 1165 ipsa
1147 1088 1272 1147 destitu-

265 1186 345 1246 tione
369 1187 508 1263 punisset.
565 1186 671 1270 Procul
696 1186 786 1245 dubio
811 1186 1002 1263 expavissetis
1025 1188 1062 1245 ad
1082 1186 1272 1246 solitudinem

228 1291 404 1357 ‚ovestram
426 1286 465 1345 ad
489 1286 641 1345 silentium
665 1307 765 1347 rerum
790 1295 821 1350 et
846 1295 995 1365 stuporem
1021 1287 1168 1363 quendam
1188 1285 1272 1363 quasi

266 1385 376 1443 mortui
389 1384 485 1458 orbis3
508 1385 691 1461 quaesissetis
703 1387 811 1462 quibus
824 1386 1012 1464 imperaretis
1055 1385 1161 1444 Plures
1174 1384 1271 1444 hostes

270 1504 359 1561 quam
373 1483 450 1543 cives
463 1484 548 1542 vobis
562 1484 775 1546 remansissent.
817 1487 905 1545 Nunc
919 1485 997 1544 enim
1009 1484 1161 1562 pauciores
1174 1483 1270 1542 hostes

265 1582 381 1642 habetis
394 1602 464 1659 prae
485 1581 677 1643 multitudine
692 1583 935 1655 Christianorum,
951 1603 1042 1660 paene
1056 1582 1188 1641 omnium
1201 1581 1270 1641 civi·

266 1689 363 1744 tatum
382 1700 474 1757 paene
496 1700 596 1740 omnes
617 1680 694 1740 cives
712 1681 895 1742 Christianos
911 1682 1053 1741 habendo.
1097 1680 1157 1741 Sed
1172 1680 1269 1739 hostes

228 1807 256 1856 ¹5
267 1779 413 1839 maluistis
425 1798 529 1838 vocare
542 1779 657 1855 generis
670 1778 799 1839 humani.
830 1780 907 1855 *Quis
920 1787 1019 1840 autem
1033 1799 1085 1839 vos
1098 1779 1136 1837 ab
1150 1778 1212 1837 illis
1225 1798 1269 1836 oc-

266 1878 354 1938 cultis
371 1882 403 1938 et
416 1895 624 1954 usquequaque
637 1879 822 1938 vastantibus
838 1883 951 1939 mentes
965 1884 996 1937 et
1008 1877 1192 1936 valetudines
1205 1897 1268 1935 ves·
1365 1905 1366 1910 ¹

266 1985 328 2037 tras
342 1976 473 2036 hostibus
489 1976 625 2051 raperetl
647 1996 665 2033 a
684 1977 901 2036 daemoniorum
922 1976 1089 2035 incursibus
1106 1975 1181 2047 dico,
1196 1996 1267 2054 quae

267 2078 302 2136 de
311 2077 393 2137 vobis
402 2077 463 2135 sine
472 2074 608 2152 praemio,
618 2074 680 2135 sine
690 2076 823 2136 mercede
832 2075 1015 2154 depellimus.
1040 2074 1267 2134 Suffecissethoc

267 2177 359 2235 solum
373 2181 490 2235 nostrae
504 2174 619 2246 ultioni,
633 2174 713 2251 quod
726 2195 817 2234 vacua
831 2175 935 2235 exinde
950 2173 1094 2252 possessio
1108 2172 1267 2231 immundis

228 2309 259 2344 20
268 2273 421 2351 spiritibus
442 2273 591 2350 pateretis.
633 2274 723 2331 Porro
744 2294 797 2332 nec
818 2272 897 2332 tanti
917 2271 1058 2350 praesidii
1078 2272 1266 2348 compensati·
1364 2293 1365 2296 ¹

267 2392 351 2431 onem
365 2372 533 2450 cogitantes,
548 2392 607 2431 non
617 2372 703 2431 modo
717 2392 777 2430 non
791 2372 945 2430 molestum
958 2370 1041 2430 vobis
1055 2391 1157 2448 genus,
1167 2390 1265 2430 verum

267 2472 356 2533 etiam
383 2472 584 2544 necessarium,
607 2471 705 2530 hostes
728 2471 860 2548 judicare
889 2470 1054 2529 maluistis:
1090 2469 1143 2548 qui
1171 2490 1265 2530 sumus

268 2572 362 2649 plane,
377 2592 433 2630 uon
446 2572 562 2648 generis
575 2570 698 2630 humani
711 2575 817 2641 tamen,
833 2570 884 2629 sed
898 2569 995 2648 potius
1009 2569 1126 2630 erroris.

595 2858 731 2918 CAPUT
760 2857 935 2917 XXXVIII.

228 3023 257 3072 ²5
309 2994 531 3065 Pitumnum
553 2993 641 3070 paulo
661 2992 767 3063 lenius,
784 2965 862 3049 inter
882 2989 979 3048 licitas
1001 2989 1141 3049 sactiones
1162 2997 1263 3049 sectam
1362 3061 1363 3064 Ἴ

267 3093 356 3152 istam
383 3092 520 3170 deputari
547 3092 710 3169 oportebat,
739 3111 756 3148 a
784 3110 843 3168 qua
871 3088 947 3146 nibil
981 3088 1040 3147 tale
1068 3088 1263 3158 commit-titur,

304 3260 341 3311 η.
359 3264 377 3299 a
387 3251 601 3299 daemoniorum
611 3251 789 3298 incursibus:
805 3263 884 3310 comp.
896 3247 935 3295 ch.
949 3260 987 3308 23,
1001 3260 1041 3308 32,
1053 3261 1094 3309 43.

303 3338 342 3386 25.
357 3327 434 3372 inter
445 3327 539 3373 licitas
550 3325 695 3372 factiones.
724 3321 892 3384 Christianity
901 3336 954 3369 was
963 3326 1009 3369 not
1017 3321 1079 3383 only
1090 3320 1203 3384 asclipio
1213 3320 1263 3369 illi·
1361 3365 1362 3392 ἰ

269 3402 330 3458 cita,
342 3397 364 3446 it
374 3399 428 3447 also
443 3398 518 3446 stood
533 3395 690 3446 condemned
706 3411 734 3444 as
751 3411 767 3444 a
775 3396 867 3458 factio
884 3395 966 3445 under
982 3395 1027 3443 the
1043 3395 1121 3444 Edict
1132 3396 1161 3445 oi
1168 3395 1262 3458 Trajan,
1361 3405 1362 3418 ¹

269 3472 351 3520 which
367 3471 471 3521 forbade
487 3470 533 3520 the
550 3470 686 3519 formation
702 3469 731 3518 oi
744 3469 856 3531 collepia
869 3468 976 3531 fabrum
994 3484 1023 3517 or
1038 3469 1183 3526 tetam3
1199 3468 1260 3516 Plin.

269 3546 341 3607 Epp.
353 3562 377 3593 x.
390 3559 431 3609 39,
442 3560 485 3607 40,
496 3543 538 3608 96.
572 3545 619 3593 All
632 3544 743 3607 secretl)⁷
754 3543 859 3602 formed,
871 3542 922 3591 and
935 3542 1028 3591 indeed
1044 3558 1095 3605 any
1107 3543 1263 3591 associations

269 3634 335 3665 were
343 3618 440 3666 viewsd
449 3618 513 3667 with
522 3625 596 3682 great
609 3618 736 3682 suspicion
743 3618 779 3680 by
787 3617 832 3665 the
842 3616 966 3675 Romans3
978 3616 1030 3664 and
1038 3631 1068 3665 sc
1073 3616 1215 3665 Tertullisn
1222 3615 1262 3663 sd-

269 3694 330 3739 mits
339 3692 419 3740 below
430 3708 436 3741 2
448 3708 527 3755 comp.
537 3693 605 3742 Plin.
615 3693 681 3756 Epp.
688 3708 714 3739 x.
725 3705 766 3754 34,
775 3703 815 3754 93.
824 3700 870 3753 117
879 3707 886 3748 3
896 3690 1097 3751 Liv.xxxix.13,
1109 3703 1138 3752 14
1147 3707 1154 3748 3
1165 3691 1261 3739 Sueten.

274 3767 328 3813 Oct.
347 3778 386 3825 3².
420 3765 524 3813 Certain
539 3766 615 3829 gilde,
631 3766 758 3825 however,
769 3782 836 3815 were
851 3765 975 3828 legalized
991 3765 1113 3828 (callepio
1130 3763 1262 3828 lectitans),

270 3839 322 3887 and
338 3838 406 3886 their
422 3840 588 3890 constitution
604 3841 654 3889 and
665 3840 736 3905 right
747 3840 775 3889 of
783 3846 902 3904 property
912 3839 1060 3905 recognised
1073 3840 1126 3890 and
1137 3841 1263 3905 regulated
1360 3911 1361 3930 Χ
