2784 4242
243 239 282 321 78
520 239 720 305 Tertulliani
740 239 962 323 Apelcgeticas
1084 249 1241 315 [cmxxr.

239 411 360 472 Virtute
372 419 403 471 et
417 411 544 472 Ratione
557 412 738 486 comitatum,
750 418 781 472 et
793 410 910 489 Spiritu
917 411 1036 483 fultum,
1045 411 1180 470 eumdem
1188 410 1242 490 qui

238 510 328 570 verbo
352 509 458 583 omnia,
483 516 514 571 et
537 511 653 583 faceret,
678 517 710 569 et
732 510 876 569 fecisseto
909 508 958 568 Ad
982 509 1146 568 doctrinam
1170 530 1242 571 vero

239 612 309 688 ejus,
323 630 382 687 qua
395 609 619 669 revincebantur
632 608 767 686 magistri
779 606 980 687 primoresque
994 609 1184 681 ludaeorum,
1197 608 1244 668 ito

238 707 493 785 exasperabantur,
520 706 647 766 maxime
678 707 757 784 quod
787 706 826 766 ad
855 727 923 766 eum
949 707 1054 783 ingens
1080 705 1242 766 multitudo

216 801 417 878 5delleoteret,
431 811 467 865 ut
484 811 632 883 postremo
651 804 784 865 oblatum
802 804 908 865 Pontio
927 805 1023 865 Pilato
1038 804 1155 883 Syriam
1168 812 1242 865 tune

239 926 276 965 ex
307 912 392 982 parte
424 905 556 963 Romana
584 904 769 981 procuranti,
797 903 940 967 violentia
970 904 1179 982 suffragiorum
1209 903 1243 963 in

239 1023 355 1063 crucem
387 1002 455 1062 dedi
487 1002 543 1061 sibi
577 1002 760 1064 extorserint
818 1003 1010 1063 Praedixerat
1041 1009 1072 1064 et
1102 1002 1166 1081 ipse
1198 1002 1244 1062 ita

239 1103 375 1168 facturos.
417 1102 526 1160 Parum
545 1101 607 1167 hoc,
622 1101 648 1160 si
661 1122 721 1160 non
734 1105 765 1161 et
778 1102 938 1179 prophetae
954 1107 1043 1162 retro.
1083 1101 1126 1161 Et
1142 1106 1243 1162 tamen

240 1199 360 1259 suffixus
380 1199 517 1276 spiritum
538 1219 603 1258 cum
619 1199 710 1259 verbo
730 1204 833 1276 sponte
854 1199 976 1273 dimisit,
998 1205 1157 1277 praevento
1177 1219 1243 1259 cur-

203 1317 233 1353 ro
241 1298 334 1359 nificis
348 1298 447 1358 officio.
483 1298 592 1357 Eodem
606 1304 752 1358 momento
766 1298 836 1372 dies,
847 1299 977 1359 medium
991 1301 1091 1359 orbem
1104 1300 1242 1377 signante

239 1398 307 1470 sole,
329 1398 472 1458 subducta
495 1403 549 1457 est.
600 1397 773 1474 Deliquium
795 1397 899 1477 ntique
922 1404 1112 1477 putaverunt,
1134 1398 1188 1476 qui
1211 1397 1244 1457 id

240 1518 355 1576 quoque
378 1517 466 1574 super
491 1495 609 1556 Christo
633 1495 834 1575 praedicatum
858 1518 917 1556 non
938 1497 1083 1570 scierunt;
1114 1493 1243 1579 [ratione

239 1616 299 1656 non
317 1596 502 1673 deprehensa,
519 1592 734 1677 negaverumt3]
762 1600 792 1655 et
812 1603 1000 1656 tamencum
1020 1595 1124 1654 mundi
1145 1616 1244 1655 meum

173 1729 177 1748 ι
239 1695 366 1756 relatum
379 1695 411 1753 in
430 1693 558 1753 archivis
571 1693 676 1754 vestris
689 1694 812 1755 habetis.
854 1695 938 1754 Tunc
954 1695 974 1755 J
976 1695 1063 1755 udaei
1076 1695 1244 1754 detractum

203 1799 271 1872 15et
285 1793 420 1871 sepulcro
439 1791 589 1852 conditum
607 1811 714 1871 magna
732 1791 823 1853 etiam
840 1792 981 1853 militaris
1001 1793 1154 1854 custodiae
1175 1793 1243 1852 dili-

275 2000 298 2047 3.
314 1985 452 2042 magistri
486 1984 511 2033 S.
524 1984 596 2033 John
607 1983 644 2033 iii.
660 1999 700 2035 10.

274 2058 298 2108 6.
316 2062 494 2116 procuranti:
512 2058 540 2106 in
550 2059 585 2108 its
596 2059 722 2109 technical
734 2075 813 2120 sense,
828 2062 920 2126 ‘being
931 2059 1107 2126 procurator';
1125 2078 1154 2112 so
1164 2061 1241 2126 Vulg.

243 2134 316 2183 Luke
327 2133 363 2181 iii.
378 2146 400 2192 1,
412 2136 580 2196 ‘procurante
591 2134 685 2183 Pontio
695 2133 781 2183 Pilato
792 2135 811 2183 J
813 2134 937 2186 udaeam)

308 2210 524 2264 suffragiorum:
547 2208 663 2272 alluding
682 2214 710 2258 to
723 2209 777 2259 ,the
799 2209 884 2259 choioe
903 2209 931 2259 of
949 2209 995 2259 the
1015 2210 1106 2274 people
1127 2210 1241 2260 between

243 2282 374 2331 Barabbas
385 2281 437 2330 and
448 2282 549 2331 Christ:
566 2286 723 2332 eutweeriat
738 2284 761 2332 is
773 2284 831 2333 well
846 2284 959 2349 justified
969 2285 1004 2349 by
1015 2284 1041 2335 S.
1053 2282 1145 2334 Luke's
1156 2300 1241 2333 1111111·

244 2359 298 2408 tive
308 2357 377 2405 xxiii.
394 2369 425 2404 ao
436 2356 462 2405 ff.

279 2442 300 2496 7.
319 2434 503 2481 Praedixerat
514 2439 543 2481 et
555 2435 624 2490 lpse.
658 2432 683 2483 S.
696 2433 775 2484 Matt.
788 2434 839 2483 xvi.
853 2448 880 2482 21
892 2450 900 2496 ;
916 2434 942 2484 S.
955 2434 1035 2485 Mark
1045 2436 1099 2485 viil.
1112 2448 1153 2499 31,
1165 2441 1209 2486 ac

277 2507 301 2555 8.
320 2508 425 2554 Parum
436 2508 500 2563 hoe,
512 2509 546 2556 si.
583 2506 659 2555 ‘This
676 2508 759 2572 might
775 2509 808 2557 be
823 2524 839 2557 a
855 2510 934 2574 slight
950 2510 1024 2575 point
1040 2515 1068 2558 to
1084 2525 1146 2574 urge
1161 2510 1184 2558 if
1198 2508 1241 2562 the

244 2581 363 2646 propheta
375 2617 381 2628 .
395 2578 430 2630 ..'
446 2580 488 2631 Ps.
506 2582 567 2630 xxii.
587 2583 667 2642 1-18;
685 2583 745 2633 Isai.
764 2584 803 2633 liii
812 2600 821 2646 3
836 2584 889 2636 lxv.
912 2599 935 2647 2,
952 2588 998 2636 eto.
1031 2586 1118 2649 Oomp.
1137 2585 1183 2635 the
1200 2581 1247 2635 e1-'

244 2655 357 2720 pression
367 2653 449 2703 below
460 2655 590 2704 ‘Multum
601 2661 647 2715 eet,
659 2656 681 2704 si
693 2696 700 2707 .
713 2693 720 2705 .
733 2654 749 2707 .'

278 2746 302 2797 9,
320 2735 472 2789 praevento
483 2734 624 2782 carnifluis
636 2735 735 2782 officio.
770 2732 795 2782 S.
807 2733 879 2783 John
888 2734 939 2783 xix.
955 2746 995 2795 33.

281 2820 318 2857 11.
337 2808 503 2863 Deliquium
515 2842 521 2854 ,
534 2843 540 2855 .
552 2843 559 2855 .
571 2809 774 2863 praedicatum.
806 2808 886 2857 Amos
903 2808 957 2857 viii.
969 2823 1001 2872 93
1018 2825 1098 2873 comp.
1110 2807 1239 2859 1111111111.

248 2896 286 2942 10,
299 2881 384 2929 ‘Nam
395 2879 463 2943 quod
478 2879 506 2928 in
521 2879 638 2944 passione
654 2882 710 2944 eJ'us
726 2882 828 2942 accidit,
845 2887 875 2931 111
890 2883 975 2932 media
986 2882 1040 2932 dies
1050 2884 1241 2944 tenebresceret,

244 2958 325 3005 Amos
335 2954 458 3018 propheta
468 2953 621 3003 adnuntiat?
654 2955 742 3019 comp.
753 2956 772 3005 J
774 2973 808 3007 er.
820 2956 847 3006 ii.
862 2971 900 3006 12.

280 3043 318 3080 12.
337 3028 458 3092 [ratione
475 3064 481 3077 .
501 3065 508 3079 .
527 3062 533 3075 .
549 3028 754 3094 negaveram:
771 3030 853 3079 added
864 3032 892 3079 in
902 3031 963 3082 God.
975 3030 1049 3081 Fuld.
1060 3032 1128 3096 only.

280 3118 318 3166 14
335 3106 457 3152 relatum
467 3103 499 3150 ln
510 3105 641 3152 archivis.
658 3103 750 3153 'l'hieis
760 3104 805 3154 the
815 3111 874 3154 true
884 3106 1005 3171 reading;
1021 3106 1156 3156 (1111111111
1167 3103 1241 3155 found

245 3179 273 3228 in
280 3193 328 3229 one
335 3177 392 3226 MS.
401 3177 462 3240 only
471 3176 542 3238 (ced.
551 3177 638 3238 Fuld)
648 3193 654 3226 :
666 3178 776 3228 relatam
784 3180 806 3228 is
814 3180 859 3229 the
866 3180 993 3230 technical
1002 3180 1116 3229 wordlor
1127 3180 1242 3243 ‘making

245 3252 377 3301 anoffieial
387 3248 493 3310 return,’
506 3251 673 3315 ‘segistering
684 3252 712 3300 in
723 3269 758 3301 an
769 3254 861 3303 official
872 3254 990 3318 report'·,
1005 3270 1086 3318 comp.
1097 3255 1187 3305 Cicero
1192 3269 1241 3318 pro

245 3326 323 3378 Solle
342 3339 381 3388 15,
392 3339 432 3387 42·
466 3325 610 3374 Tertullian
628 3326 764 3376 elsewhere
781 3328 884 3391 appeals
900 3334 929 3378 to
945 3328 1038 3378 official
1054 3329 1202 3378 documenta
1216 3329 1242 3377 in

245 3399 421 3451 confirmation
438 3399 466 3448 of
479 3400 519 3448 his
536 3404 695 3465 statementa
713 3400 772 3452 ode.
789 3403 874 3452 Maro.
891 3403 927 3453 iv.
945 3413 967 3467 7,
979 3403 1028 3452 ‘de
1043 3417 1120 3455 eonon
1137 3402 1242 3466 denique

245 3473 367 3538 Augusti,
389 3489 465 3537 quem
486 3479 579 3523 testem
596 3474 770 3524 fidelissimum
793 3476 940 3526 Dominioae
962 3476 1108 3526 nativitatis
1130 3475 1242 3525 Romane

245 3548 349 3598 archiva
368 3547 514 3596 custodiunt
523 3545 544 3596 l'
577 3549 623 3612 Gp.
640 3554 701 3598 note
717 3565 751 3599 on
767 3551 882 3612 metica,
900 3550 940 3600 ch.
960 3564 998 3614 19.
1032 3552 1066 3599 In
1082 3550 1129 3600 the
1144 3554 1243 3614 present

245 3638 350 3686 passage
366 3621 411 3670 the
427 3621 555 3671 reference
570 3622 592 3671 is
609 3627 676 3671 most
688 3623 812 3688 probably
824 3628 851 3673 to
866 3623 912 3673 the
929 3625 1021 3674 official
1037 3631 1123 3688 repert
1139 3628 1196 3674 sent
1210 3623 1243 3687 by

246 3695 342 3754 Pilato,
353 3710 433 3757 comp.
447 3695 537 3755 below,
549 3699 556 3722 ‘
566 3696 666 3745 Tiberio
677 3696 825 3748 nuntiavit.’
842 3698 944 3747 Gibbnn
955 3699 993 3760 (ii.
1007 3699 1077 3762 194),
1086 3703 1243 3747 unverrant·

248 3767 310 3829 ably
320 3766 461 3831 preferring
477 3770 591 3827 arcanis,
603 3769 714 3819 believes
725 3772 869 3821 Tertullian
885 3778 912 3821 to
923 3773 1013 3836 appeal
1024 3778 1053 3822 to
1064 3774 1109 3821 the
1121 3772 1242 3838 Sibyllina

248 3855 340 3900 versos,
351 3839 435 3889 whioh
451 3841 548 3910 merely
558 3842 695 3907 reproduce
711 3845 757 3894 the
773 3846 866 3911 Gospel
882 3847 1021 3897 narrative.
