2784 4242
260 230 323 289 104
540 209 737 282 Tertulliani
757 208 982 292 Apolcgeticus
1091 218 1165 284 [cn.
1175 221 1263 270 xxx,

255 391 372 461 pectore
385 402 510 442 oramus.
550 382 705 440 Peccantes
720 399 820 440 sumus
834 401 934 440 omnes
954 400 1070 459 semper
1089 402 1145 459 pro
1166 381 1265 441 omni-

259 482 311 541 bus
331 480 565 559 imperatoribus,
578 480 672 539 vitam
691 478 752 537 illis
772 478 925 557 prolixam,
939 479 1095 557 imperinm
1116 500 1264 550 securum,

256 581 375 639 domum
395 586 498 651 tutam,
519 577 664 637 exercitus
688 578 789 650 fortes,
811 583 945 637 senatum
968 578 1094 649 fidelem,
1117 578 1265 657 populum

256 679 389 757 probum,
404 678 504 737 orbem
518 676 659 754 quietum,
673 682 705 735 ct
719 695 917 752 quaecumque
935 674 1061 735 hominis
1076 684 1108 736 et
1124 676 1266 736 Caesaris

233 783 326 848 5vota
339 782 419 836 sunt.
460 777 542 835 Haec
555 776 593 835 ab
607 775 665 834 alic
679 795 762 834 orara
780 795 838 834 non
853 795 978 852 possum,
994 796 1083 853 quam
1096 797 1115 835 a
1128 796 1187 854 quo
1202 775 1266 835 scio

256 881 548 948 coenomanorum,
564 873 703 950 quoniam
720 879 751 933 ct
768 873 831 950 ipse
845 880 891 933 est
907 874 958 952 qui
978 875 1057 933 solus
1076 881 1266 951 praemetet

256 995 310 1053 ego
323 995 388 1034 snm
402 974 450 1033 cui
467 973 626 1051 impetrare
640 972 772 1044 debetur,
786 973 915 1032 famulus
929 975 1000 1049 ejus,
1015 973 1067 1050 qni
1081 993 1149 1033 eum
1168 975 1265 1033 solnm

257 1073 386 1144 observo,
407 1072 459 1150 qui
478 1079 599 1150 propter
619 1071 806 1150 disciplinam
826 1074 890 1148 ejus
911 1072 1035 1144 occidor,
1051 1073 1104 1150 qni
1124 1073 1153 1132 ei
1174 1072 1265 1132 offero

257 1171 385 1248 opimam
398 1178 429 1230 ct
442 1172 581 1246 majorem
594 1169 729 1242 hostiam,
744 1190 832 1248 quam
845 1170 909 1248 ipse
923 1169 1083 1243 mandavit,
1098 1170 1265 1231 orationem

215 1269 294 1330 mdc
308 1289 394 1329 carne
411 1269 528 1346 pudica,
542 1268 578 1327 de
597 1268 695 1327 anima
715 1268 872 1339 innocenti,
887 1269 923 1327 dc
944 1267 1052 1345 spiritu
1073 1274 1176 1329 sancto
1197 1290 1265 1347 pm-

257 1370 371 1427 lcctam.
412 1367 442 1426 N
444 1388 482 1426 on
516 1387 610 1443 grana
636 1366 713 1426 turis
740 1366 828 1426 unius
859 1367 941 1439 assis,
970 1366 1115 1427 Arabicae
1150 1366 1265 1427 arboris

256 1466 400 1542 lacrimas,
410 1485 463 1525 nec
476 1466 550 1527 duas
567 1466 642 1524 meri
656 1470 767 1541 guttas,
781 1485 834 1525 nec
854 1467 1029 1544 sanguinem
1045 1468 1167 1544 reprobi
1180 1466 1264 1527 bovis

257 1565 332 1624 mori
342 1564 482 1642 optantis,
493 1569 523 1623 et
533 1568 600 1641 post
610 1564 707 1623 omnia
721 1563 943 1641 inquinamenta
953 1566 1043 1625 etiam
1054 1565 1262 1625 conscientiam

256 1684 408 1742 spurcamx
430 1670 464 1723 ut
480 1663 577 1734 mirer,
592 1683 657 1721 cum
671 1662 784 1722 hostiae
798 1664 962 1741 probantur
974 1685 1064 1742 penes
1078 1684 1130 1724 vos
1144 1686 1163 1724 a
1173 1664 1261 1723 vitio·

218 1777 247 1827 15
257 1763 379 1823 cissimis
394 1760 599 1831 sacerdotibus,
609 1781 662 1820 cur
675 1762 846 1838 praecordia
858 1762 958 1839 potius
969 1762 1165 1835 victimarum,
1175 1783 1262 1841 quam

256 1862 387 1939 ipsorum
397 1859 626 1919 sacrificantium
639 1860 851 1920 examinentur.
873 1861 923 1921 Sic
937 1861 1037 1938 itaque
1050 1882 1103 1921 nos
1113 1861 1153 1920 ad
1165 1862 1261 1921 Deum

292 1992 313 2026 1.
332 1979 484 2025 hscantes
497 2012 503 2024 .
518 2012 524 2023 .
538 2011 564 2024 ,.
587 1990 700 2032 semper
720 1990 773 2032 pro
796 1979 863 2033 imo.
908 1976 995 2039 comp.
1013 1976 1082 2025 Acta
1100 1991 1216 2039 procons.
1235 1977 1261 2025 S.

257 2052 378 2115 Cypriam,
390 2051 570 2114 ‘deprecamur
580 2049 668 2098 diebus
679 2066 709 2099 ac
720 2051 836 2099 noctibus
848 2087 854 2098 .
868 2087 873 2097 .
886 2086 892 2099 .
906 2067 952 2115 pro
962 2051 1140 2100 incolumitate
1151 2051 1261 2114 ipsorum

257 2121 452 2188 imperatorum'
460 2139 468 2183 ;
485 2123 623 2187 Dionysius
635 2123 718 2184 (apud
733 2124 824 2173 Euseh.
840 2124 884 2172 vii.
903 2126 960 2186 11);
977 2125 1063 2189 Polyo.
1080 2124 1261 2184 odPtil.12;

259 2200 329 2247 Just.
347 2198 427 2247 Mart.
443 2197 524 2260 Apol.
541 2197 559 2247 1.
580 2207 627 2260 175
645 2197 713 2260 Orig.
731 2201 812 2248 contr.
832 2196 897 2249 Cels.
913 2198 966 2248 viii.
980 2208 1026 2261 733
1043 2199 1124 2248 Clam.
1136 2199 1210 2248 Rom.
1227 2198 1262 2248 ud

264 2274 320 2321 Cor.
331 2273 348 2321 i.
360 2271 400 2321 61.

292 2360 316 2409 9.
335 2349 459 2402 opimam
475 2351 504 2394 et
516 2346 651 2404 majorem
662 2347 794 2394 hostiam,
828 2345 915 2409 Oomp.
928 2344 960 2393 dc
970 2349 1036 2394 crat.
1052 2354 1092 2407 27,
1104 2349 1260 2395 ‘saturatam

260 2419 399 2467 orationem
412 2418 484 2467 velut
499 2420 620 2481 optimam
637 2418 747 2468 hostiam
764 2418 911 2468 admovere'
919 2436 927 2479 ;
942 2420 976 2469 ib.
993 2421 1032 2480 28,
1045 2420 1122 2469 ‘haec
1139 2425 1179 2469 est
1195 2422 1259 2469 enim

259 2493 345 2542 hostia
354 2492 477 2555 spiritalis
488 2509 553 2557 quae
564 2494 673 2557 pristina
684 2492 806 2542 sacrificia
817 2491 930 2542 delent?
964 2492 1031 2545 Heb.
1043 2494 1095 2542 xiii.
1110 2506 1148 2557 15.

296 2580 334 2616 10.
352 2570 388 2615 de
399 2569 503 2623 spiritu
514 2573 611 2617 sancto
622 2585 629 2616 2
648 2567 728 2616 ‘from
739 2584 755 2615 a
766 2568 838 2631 picus
850 2567 939 2631 spirit'

296 2653 333 2688 11.
351 2643 418 2689 Non
433 2655 519 2698 grana
532 2643 614 2689 turis.
647 2641 735 2705 Oomp.
751 2641 790 2690 oh.
806 2655 848 2705 42,
861 2643 944 2690 ‘Tura
959 2642 1035 2705 plane
1053 2657 1106 2690 non
1124 2640 1258 2700 emimos’3

261 2714 287 2765 S.
297 2714 375 2764 clem.
387 2714 463 2796 alex.
475 2714 553 2765 Paul.
565 2716 592 2764 11.
604 2717 636 2775 8;
652 2715 678 2764 S.
688 2716 800 2779 August.
816 2732 901 2765 enarr.
916 2718 945 2765 in
959 2716 1004 2765 Pr.
1017 2716 1081 2764 sliu.
1114 2716 1169 2764 The
1184 2715 1258 2765 ritual

261 2802 308 2837 use
322 2788 351 2836 of
363 2788 370 2801 '
418 2804 463 2837 nse
473 2805 526 2837 was
541 2789 635 2853 closely
645 2789 779 2839 identified
789 2790 854 2838 with
869 2790 981 2854 idolatry
993 2790 1019 2838 in
1029 2788 1192 2839 Tertullian's
1203 2789 1256 2854 day,

260 2863 312 2911 and
322 2861 348 2912 fo
432 2865 463 2911 ‘a
473 2862 543 2911 chief
550 2867 602 2912 test
618 2864 645 2911 in
660 2863 706 2911 the
717 2864 887 2927 persecutione
898 2863 926 2911 of
935 2863 980 2912 the
991 2860 1166 2923 Christians';
1182 2880 1256 2927 comp.

259 2939 278 2987 J
280 2955 294 2987 e
351 2975 358 2989 .
377 2936 427 3001 Ep.
449 2950 487 2999 14.
530 2937 557 2986 It
572 2937 634 2997 had,
651 2938 777 2998 however,
793 2939 827 2988 its
844 2938 986 2987 non-ritual
1002 2953 1058 2987 uses
1066 2954 1074 2997 3
1097 2953 1214 3002 compare
1229 2938 1256 2987 de

304 3027 344 3061 on.
364 3025 402 3071 10,
421 3012 457 3059 ‘si
476 3027 518 3060 me
535 3012 596 3060 odor
616 3012 724 3075 alicujus
742 3012 791 3061 loci
808 3011 950 3073 offenderit,
967 3012 1081 3060 Arabiae
1102 3013 1202 3076 aliquid
1221 3014 1255 3061 in·

259 3083 368 3144 cendo';
393 3086 445 3134 and
461 3086 482 3134 it
497 3101 549 3135 was
565 3086 695 3135 doubtless
712 3086 844 3150 employed
858 3086 885 3134 in
900 3085 945 3135 the
962 3085 1104 3135 cataoombs
1121 3086 1173 3134 and
1189 3103 1256 3136 caves

258 3161 287 3208 in
297 3159 382 3208 which
398 3159 443 3208 the
455 3160 526 3225 early
536 3159 679 3209 Christiane
694 3159 756 3209 held
772 3160 840 3210 their
853 3161 1006 3210 assemblies.
1044 3160 1091 3209 See
1107 3160 1222 3209 Incensi
1232 3162 1255 3209 in

259 3234 333 3284 ilict.
344 3233 401 3284 cur.
414 3234 487 3284 Aac,

294 3321 333 3357 11.
351 3310 421 3356 duas
432 3310 503 3356 meri
514 3313 618 3365 ntem.
652 3307 738 3371 Comp.
751 3307 853 3357 Sueten.
866 3307 961 3368 Gotho,
972 3309 1011 3357 18.

262 3409 267 3415 -
324 3383 439 3438 reprobi
461 3384 552 3431 boris.
585 3382 671 3444 Oomp.
682 3383 722 3431 ch.
744 3396 783 3445 14,
800 3386 872 3431 ‘cnm
889 3389 977 3432 enecta
994 3388 1020 3431 et
1035 3382 1152 3432 tabidosa
1167 3386 1194 3431 et
1208 3398 1253 3432 sca·

258 3455 330 3504 bioca
345 3471 460 3519 quaeque
476 3454 611 3506 mactatis?
645 3456 758 3519 Reprotc'
774 3456 796 3504 is
810 3456 891 3505 found
908 3457 969 3521 only
985 3457 1013 3504 in
1029 3455 1082 3505 late
1098 3456 1179 3515 latin;
1200 3458 1221 3506 it
1235 3457 1253 3504 is

259 3529 361 3593 applied
374 3535 403 3579 to
417 3529 480 3578 false
495 3546 587 3594 money
597 3531 625 3579 111
640 3531 684 3579 the
699 3530 812 3595 Digesta,
826 3543 863 3592 13.
878 3539 899 3592 7.
915 3544 961 3594 243
977 3532 1029 3580 and
1045 3532 1073 3579 in
1086 3530 1132 3579 the
1143 3531 1219 3595 ang.
1229 3535 1253 3580 to

258 3618 357 3666 money,
369 3603 421 3651 and
431 3604 518 3667 things
528 3604 639 3668 rejected
649 3620 677 3653 as
688 3605 792 3666 useless,
804 3605 822 3654 J
824 3620 900 3655 erem.
912 3608 947 3654 vi.
960 3619 1006 3667 3o;
1026 3619 1038 3653 a
1050 3604 1116 3653 11111.
1127 3605 1163 3653 iii
1177 3606 1199 3654 8.

294 3674 333 3723 16.
351 3679 399 3725 sio
410 3680 508 3733 itaque
517 3692 570 3726 nos
581 3682 618 3726 sd
627 3682 726 3727 Deum.
754 3678 800 3727 See
808 3680 853 3728 the
859 3694 924 3743 pass.
934 3680 973 3728 ch.
983 3693 1022 3740 12,
1032 3679 1208 3744 enumerating
1214 3678 1252 3729 the

261 3754 369 3797 tortores
385 3750 414 3800 of
432 3750 477 3798 the
493 3751 645 3813 Christiane,
661 3752 713 3801 and
729 3769 844 3817 compare
859 3754 905 3803 the
922 3759 1001 3803 terme
1023 3754 1051 3802 ol
1070 3754 1191 3818 rcproach
1206 3769 1252 3803 aur·

260 3821 376 3869 menticic'
387 3825 413 3869 et
422 3824 536 3884 amacii,
548 3824 587 3874 ch.
598 3839 637 3887 50,
649 3826 715 3874 with
725 3831 806 3876 notes.
