2784 4242
245 232 287 298 32
516 210 717 281 Tertulliani
735 209 958 293 Apologeticus
1111 218 1187 284 [car.
1201 221 1259 277 lx.

243 388 429 463 cognoscunt,
443 389 474 443 et
487 382 632 443 sustinent
645 387 676 442 et
689 380 855 459 ignoscunt.
898 380 1015 439 Timent
1035 379 1135 457 plecti,
1150 377 1251 456 quisi

243 484 431 564 proclament,
442 480 557 542 defendi
565 480 763 551 merebuntur,
768 479 820 558 qni
830 479 919 539 etiam
928 479 1010 538 ultro
1018 478 1115 556 perire
1125 479 1250 550 malint,

244 603 333 660 quem
353 582 408 641 sub
428 579 484 640 tali
507 579 683 641 conscientia
703 578 812 643 vivere.
853 578 917 656 Age
937 598 1015 636 nunc
1035 576 1168 650 timeant,
1191 595 1252 636 cur

244 680 334 741 etiam
346 680 556 758 perseveranti
598 677 740 755 Sequitur
752 676 839 751 enim,
854 698 891 739 ne
905 677 986 739 ultra
999 675 1072 741 velie
1085 675 1117 737 id
1130 681 1161 735 te
1174 695 1253 747 esse,

220 778 324 857 equod
337 779 363 840 si
377 777 460 857 prius
473 777 587 853 scisses,
598 797 660 836 non
670 776 784 836 fuisses.

637 975 773 1037 CAPUT
793 975 854 1038 IX.

287 1103 381 1162 Hsno
390 1122 447 1181 quo
457 1101 550 1178 magis
563 1099 762 1171 refutaverim,
773 1119 792 1158 a
801 1099 885 1160 vobis
892 1099 958 1159 fieri
971 1099 1122 1160 ostendam
1135 1100 1251 1178 partim

245 1202 278 1261 in
298 1208 409 1278 aperto,
422 1200 534 1278 partim
552 1199 585 1258 in
605 1198 730 1270 occulto,
744 1219 798 1276 per
817 1198 898 1275 quod
918 1197 1044 1259 forsitan
1064 1198 1145 1259 etde
1160 1200 1250 1259 nobis

246 1300 419 1360 credidistis.

207 1431 238 1467 10
287 1399 421 1460 Infantes
448 1418 536 1477 penes
562 1396 695 1457 Africam
723 1397 854 1458 Saturno
886 1395 1116 1455 immolabantur
1149 1396 1250 1474 palam

245 1518 337 1576 usque
345 1498 384 1558 ad
392 1496 631 1576 proconsulatum
642 1495 762 1567 Tiberii,
771 1496 824 1574 qui
836 1495 915 1574 ipsos
925 1496 1086 1556 sacerdotes
1096 1495 1129 1553 in
1138 1495 1251 1556 eisdem

245 1596 399 1656 arboribus
408 1594 512 1673 templi
521 1594 834 1654 suiobumbratricibus
844 1594 1098 1655 scelerumvctivis
1110 1593 1249 1654 crucibus

246 1696 390 1773 exposuit,
404 1700 480 1754 teste
500 1692 609 1752 militia
626 1694 740 1771 patriae
753 1700 869 1754 nostrae
882 1714 957 1773 qnae
975 1694 1007 1751 id
1021 1692 1119 1772 ipsum
1137 1713 1249 1753 munus

246 1795 293 1858 illi
302 1794 469 1873 proconsuli
482 1794 584 1853 functa
596 1798 651 1853 est.
694 1792 752 1853 Sed
766 1796 796 1852 et
809 1813 888 1852 nnnc
902 1792 933 1850 in
948 1793 1063 1853 occulto
1077 1798 1249 1869 perseverat

207 1918 235 1969 15
246 1895 301 1955 hoc
321 1912 434 1954 sacrum
454 1892 575 1952 facinus.
625 1891 694 1952 Non
714 1891 770 1951 soli
789 1912 841 1952 vos
861 1896 1051 1951 contemnunt
1073 1890 1247 1964 Christiani,

245 2014 298 2053 nec
318 1994 414 2052 ullum
433 1992 527 2054 scelus
547 1991 578 2049 in
599 1996 777 2070 perpetuum
796 1990 970 2061 eradicatur,
991 1995 1044 2050 aut
1063 2010 1159 2049 mores
1180 2010 1248 2050 snos

244 2091 351 2167 ahquis
374 2092 446 2150 deus
468 2079 570 2149 mutat.
614 2088 693 2148 Ourn
712 2089 838 2167 propriis
859 2089 930 2148 filiis
954 2089 1097 2150 Saturnus
1116 2108 1176 2146 non
1196 2109 1247 2166 pc-
1340 2110 1351 2123 =
1375 2058 1376 2071 ἵ

245 2191 346 2269 percit,
374 2188 520 2263 extraneis
544 2188 648 2265 utique
675 2207 734 2246 non
759 2188 904 2264 parcendo
928 2187 1142 2264 perseverabat,
1173 2207 1247 2264 quos

246 2288 365 2368 quidem
391 2287 449 2364 ipsi
476 2292 613 2364 parentes
641 2286 688 2347 sui
716 2286 886 2358 offerebant,
909 2291 940 2346 et
973 2287 1098 2348 libentes
1127 2307 1245 2364 respon-

206 2388 363 2459 aodebant,
384 2391 415 2446 et
436 2384 596 2445 infantibus
619 2384 856 2456 blandiebantur,
878 2406 916 2444 ne
940 2385 1124 2446 lacrimantes
1143 2387 1244 2447 immo·

245 2487 385 2548 larentur.
428 2484 470 2545 Et
490 2491 588 2544 tamen
608 2484 735 2554 multum
755 2483 911 2544 homicidio
930 2484 1124 2562 parricidium
1137 2486 1243 2546 differt.

280 2631 302 2667 1.
321 2619 478 2666 sustinent:
496 2616 575 2665 ‘bear
586 2633 620 2681 up
628 2612 640 2637 '⁴
647 2616 728 2665 under
744 2617 789 2666 the
805 2615 884 2665 shock
900 2616 928 2664 of
935 2616 980 2666 the
992 2617 1131 2682 discovery.
1163 2617 1246 2669 ducti·

243 2709 304 2743 ποτε
315 2692 361 2741 has
369 2691 414 2740 the
425 2706 496 2740 sense
507 2689 536 2738 of
545 2693 551 2716 ‘
561 2691 667 2754 bearing
676 2689 758 2751 with,'
770 2692 888 2755 ‘putting
898 2706 932 2755 up
943 2689 1024 2751 with,’
1035 2692 1074 2740 ch.
1089 2708 1101 2746 a
1104 2709 1118 2755 5
1129 2709 1136 2752 ;
1153 2693 1244 2743 andod

245 2784 319 2818 neor.
337 2768 363 2816 ii.
380 2767 511 2830 5pnsetm.
545 2765 573 2814 It
589 2765 642 2814 will
658 2765 691 2814 be
707 2766 785 2815 found
796 2765 860 2815 with
876 2767 946 2829 quite
962 2767 1068 2817 another
1084 2770 1203 2834 meaning
1218 2770 1244 2819 in

245 2844 283 2893 ch.
297 2855 336 2905 35,
348 2841 432 2890 where
443 2855 484 2889 see
495 2844 562 2889 note.

282 2931 320 2965 11.
335 2928 423 2972 usque
435 2917 472 2963 ad
480 2916 712 2972 proconsulatum
724 2916 835 2963 Tiberii
846 2929 852 2964 ε
870 2921 877 2943 ·
885 2914 959 2963 down
967 2919 994 2963 to
1002 2915 1048 2964 the
1056 2915 1119 2965 time
1128 2916 1156 2965 of
1164 2933 1180 2966 a
1190 2933 1243 2980 pro-

245 2990 332 3040 consul
344 2990 425 3038 nnder
435 2989 551 3038 liberius
560 2985 568 3009 ²
577 3002 583 3036 ι
601 3003 628 3036 so
639 2988 684 3038 the
695 2989 839 3052 expression
856 2989 878 3038 is
888 2989 1021 3055 generally
1032 2990 1165 3054 explained
1175 3006 1182 3050 ;
1198 2991 1244 3040 but

247 3081 288 3115 see
299 3063 440 3128 Dollinger,
456 3063 531 3112 (lent.
543 3062 596 3112 and
607 3062 664 3111 Jew
675 3063 692 3111 i.
704 3063 763 3126 488,
774 3063 831 3112 who
844 3063 932 3112 thinks
943 3063 1001 3113 that
1016 3063 1089 3113 there
1101 3064 1184 3130 really
1194 3081 1243 3114 was

246 3156 263 3189 a
274 3137 405 3202 proconsul
416 3137 532 3193 Tiberius
543 3137 572 3192 in
582 3137 628 3186 the
638 3135 730 3189 second
741 3142 855 3200 century.
889 3137 923 3185 In
938 3138 997 3186 that
1013 3154 1069 3187 case
1085 3138 1184 3190 eseliae
1196 3155 1242 3202 pa-

247 3214 316 3264 triae
326 3217 431 3263 nostroe
440 3228 500 3276 may
511 3213 614 3261 contain
625 3227 641 3261 a
651 3211 779 3261 reference
794 3217 822 3261 to
837 3212 882 3261 the
899 3212 1004 3262 soldiers
1021 3214 1101 3262 under
1117 3214 1163 3265 the
1178 3230 1242 3264 com-

244 3288 324 3347 mand
335 3287 364 3336 of
371 3283 533 3339 Tertullian’s
544 3286 638 3347 father,
650 3286 695 3335 the
706 3287 868 3350 proconsular
878 3287 1020 3338 centurion.

281 3378 320 3413 20.
337 3378 374 3413 ne
383 3364 572 3421 lacrimantes,
579 3361 661 3411 which
669 3361 754 3411 would
765 3361 972 3425 beinanspicious
984 3378 1011 3410 as
1022 3362 1159 3411 indicative
1171 3363 1199 3411 oi
1206 3379 1241 3412 re

246 3437 370 3486 luctancs.
402 3436 456 3485 The
472 3437 561 3489 viatim
577 3441 645 3501 must
661 3437 693 3485 be
704 3436 812 3498 willing,
829 3452 870 3484 see
886 3436 925 3485 ch.
939 3437 979 3495 28,
997 3437 1116 3485 ‘divinas
1130 3437 1169 3485 rei
1186 3437 1241 3486 faci·

245 3512 328 3560 undae
338 3510 419 3559 libens
431 3510 531 3561 animus
542 3511 667 3561 indicitur
675 3508 682 3532 '
691 3525 699 3572 ς
717 3511 752 3560 ad
762 3508 838 3573 Scap.
852 3523 875 3571 a,
888 3514 895 3538 ‘
905 3511 937 3559 ab
948 3510 1038 3560 invitis
1049 3511 1117 3560 enirn
1124 3511 1243 3561 sacrificia

248 3584 308 3649 [dii]
320 3600 372 3633 non
383 3584 561 3634 desiderabant
571 3585 621 3635 nisi
631 3584 781 3634 contentiosi
792 3582 874 3634 sunt.''

256 3651 258 3659 '
281 3672 319 3707 21.
337 3660 537 3715 parricidium:
553 3658 614 3708 hers
633 3658 702 3719 used,
721 3675 749 3707 as
768 3659 796 3707 in
815 3657 873 3708 Liv.
890 3658 927 3707 iii.
946 3671 993 3722 503
1018 3659 1073 3708 viii.
1095 3672 1133 3719 11,
1153 3658 1182 3708 of
1201 3659 1242 3709 the

246 3741 349 3789 murder
365 3740 393 3788 of
405 3738 522 3789 children
538 3741 573 3805 by
583 3740 650 3793 then
665 3746 777 3804 parents.
810 3740 896 3805 Oomp.
908 3741 952 3791 the
963 3758 1008 3790 use
1019 3741 1047 3792 of
1050 3742 1206 3805 parietina
1215 3743 1240 3790 in

247 3813 286 3863 ch.
299 3827 338 3880 35.
