2784 4242
150 240 307 306 Oeaxida]
349 232 505 297 adversus
529 233 646 299 Gentes
659 244 724 317 pro
750 231 957 301 Christiana.
1112 247 1151 313 77

150 405 277 464 Duobus
297 405 376 465 enim
395 405 571 465 adventibus
593 410 655 484 ejus
675 406 865 486 significatis:
893 407 997 485 primo,
1019 405 1071 484 qui
1091 409 1153 483 jam

149 508 317 582 expunctus
334 509 388 577 est,
401 503 434 562 in
452 504 620 565 hnmilitate
641 506 819 566 condicionis
835 507 997 579 humanae3
1019 506 1152 577 secundo,

149 602 207 681 qui
227 603 423 662 concludendo
444 605 558 663 saeculo
578 605 713 665 imminet
733 604 765 663 in
784 604 966 665 sublimitate
987 603 1154 664 divinitatis

149 708 305 761 exsertae:
333 702 460 779 primum
479 722 538 761 non
559 702 760 780 intelligendo
776 704 943 775 secundum,
957 724 1044 784 quem
1059 703 1154 763 mani-

150 800 258 859 festius
267 801 471 878 praedicatum
484 807 612 879 sperant,
623 822 716 860 unum
730 802 982 861 existimaverunt.
1017 802 1063 860 Ne
1077 801 1179 872 enim5

150 898 354 975 intelligerent
367 898 535 978 pristinum,
547 899 689 959 credituri
704 900 729 959 si
742 900 965 971 intellexissent,
976 907 1007 985 et
1021 921 1155 960 consecu-

151 995 218 1055 turi
237 996 360 1056 salutem
381 997 406 1056 si
425 998 627 1072 credidissent,
643 999 790 1058 meritum
809 999 869 1058 fuit
885 1000 1026 1059 delictum
1046 1020 1155 1059 eorum.

152 1096 219 1172 Ipsi
231 1096 334 1173 legrmt
343 1097 386 1156 ita
397 1096 541 1174 scriptum
553 1098 712 1157 mulctatos
724 1118 753 1156 sa
764 1098 909 1175 sapientia
918 1105 949 1157 et
959 1098 1157 1177 intelligentia

153 1201 186 1253 et
199 1194 348 1253 oculorum
362 1202 392 1254 et
405 1196 523 1256 aurium
536 1196 663 1283 frugy
728 1199 736 1210 ⁸

197 1293 292 1367 Quem
318 1293 414 1370 igitur
445 1294 623 1353 solummodo
654 1294 801 1354 hominem
831 1301 1088 1371 praesumpserant
1119 1294 1155 1355 de
1168 1313 1199 1350 10

153 1392 330 1466 humilitate,
346 1393 522 1470 sequebatur
538 1393 585 1454 uti
603 1415 723 1470 magum
740 1393 929 1453 aestimarent
948 1395 985 1453 de
1001 1398 1155 1473 potestate,

153 1510 222 1548 cum
249 1490 300 1550 ille
320 1493 412 1550 verbo
439 1491 592 1551 daemonia
620 1492 656 1549 de
683 1491 852 1552 hominibus
879 1497 1037 1562 excuteret,
1057 1513 1156 1552 caecos

153 1589 355 1662 reluminaret,
370 1590 497 1667 leprosos
511 1596 661 1667 purgaret,
676 1590 853 1667 paralyticos
868 1590 1067 1667 restringeret,
1082 1611 1158 1649 mor·

153 1693 223 1748 tuos
244 1688 369 1765 denique
382 1690 472 1747 verbo
492 1689 628 1748 redderet
641 1690 728 1761 vitae,
743 1689 887 1748 elementa
908 1688 972 1765 ipsa
991 1689 1156 1762 famularet,

154 1807 339 1863 compescens
359 1788 499 1865 procellas
521 1793 551 1847 et
572 1789 648 1846 freta
668 1787 843 1865 ingrediens,
865 1788 1020 1846 ostendens
1043 1809 1072 1847 se
1097 1809 1156 1848 esse
1168 1814 1197 1863 15

156 1896 269 1942 ΛοΓοΝ
287 1886 352 1960 Dei,
369 1886 401 1945 id
421 1892 466 1946 est
479 1887 610 1945 Verbum
624 1886 700 1945 illud
721 1886 909 1964 primordiale
921 1886 1157 1964 primogenitum,

192 2142 213 2178 1.
232 2130 282 2187 qui
291 2131 350 2185 jam
360 2134 517 2186 expunctus
529 2133 581 2187 est,
595 2128 693 2177 ‘which
703 2126 749 2177 has
760 2127 865 2193 already
872 2129 937 2177 been
945 2127 1152 2191 accomplished';

156 2219 199 2252 see
209 2206 279 2263 note,
290 2202 329 2250 ch.
343 2216 364 2249 a.

190 2276 214 2323 8.
230 2279 330 2332 levant
340 2278 382 2325 ita
393 2279 540 2333 scriptum.
573 2275 661 2326 Isaiah
672 2275 706 2325 vi.
718 2291 743 2339 9,
756 2289 795 2323 10.

192 2363 231 2396 10.
249 2352 341 2405 Quem
357 2352 447 2407 igitur
462 2353 648 2401 solummodo.
683 2350 757 2398 With
768 2350 820 2398 this
831 2365 935 2413 passage
949 2365 1029 2414 comp.
1041 2350 1067 2400 ἃ
1079 2351 1154 2414 cypr,

156 2423 189 2471 de
199 2438 258 2471 aaa.
269 2422 331 2471 idol.
347 2437 385 2484 13.

193 2509 231 2544 11.
247 2511 367 2553 magum
401 2497 456 2545 The
470 2498 586 2547 miracles
600 2496 628 2545 of
642 2497 729 2545 Christ
743 2513 808 2546 were
824 2497 944 2560 accepted
959 2513 986 2545 as
1000 2499 1109 2561 genuine
1121 2498 1156 2561 by

155 2570 270 2622 heathen
286 2576 433 2633 opponents,
450 2587 503 2634 ep.
516 2572 612 2628 Celsus,
625 2571 695 2634 Orig.
712 2573 793 2620 contr.
816 2571 880 2619 Cels.
896 2571 915 2620 i.
933 2569 983 2631 68;
1000 2573 1026 2620 ii.
1044 2585 1092 2634 503
1108 2573 1156 2621 but

155 2661 225 2694 were
236 2644 378 2693 attributed
390 2652 416 2693 to
426 2646 523 2708 magia:
541 2660 619 2707 comp.
632 2646 730 2696 Athan.
743 2646 774 2693 de
785 2646 893 2695 [acam.
903 2646 944 2708 48.

192 2733 231 2768 12.
248 2734 313 2769 cum
329 2722 379 2769 ille
396 2724 484 2770 verbo
498 2756 504 2770 .
517 2757 523 2768 .
536 2757 542 2769 .
555 2726 708 2769 excuteret.
743 2721 768 2769 S.
781 2721 859 2770 Matt.
872 2721 926 2769 viii.
941 2718 980 2781 16,
994 2724 1036 2769 ‘et
1051 2720 1155 2784 spiritus

155 2796 237 2845 verbo
246 2792 382 2857 ejiciebat?
414 2794 461 2843 See
477 2795 607 2843 Arnobius
618 2796 634 2842 i.
648 2808 678 2857 25
692 2794 753 2843 that
769 2796 822 2845 this
838 2797 1087 2845 instantaneousness
1105 2811 1156 2843 was

156 2888 173 2926 a
184 2868 374 2918 characteristic
385 2868 413 2916 of
421 2868 465 2917 the
477 2869 571 2917 Divine
581 2867 705 2917 miracles.

193 2955 231 3004 13.
248 2946 445 2991 reluminaret:
462 2960 478 2991 a
490 2959 551 3006 very
561 2959 619 2991 rare
632 2944 708 2994 word.
742 2944 883 2993 Tertullian
894 2959 951 2991 uses
963 2945 985 2991 it
996 2942 1026 2991 de
1037 2945 1115 2992 anim.
1125 2955 1157 3004 34

155 3021 186 3068 in
196 3018 332 3067 antithesis
343 3024 370 3066 to
383 3033 529 3078 excaecat-23
546 3019 597 3067 and
613 3019 636 3070 it
646 3035 731 3068 recurs
742 3020 770 3067 in
781 3035 797 3067 a
807 3019 874 3068 later
885 3020 979 3078 writer,
991 3018 1091 3067 Paulin.
1103 3018 1130 3065 N
1132 3034 1156 3066 o·

156 3095 233 3143 lanus
244 3092 308 3156 ΕΜ.
320 3109 379 3142 m
391 3108 417 3156 4.

222 3172 394 3226 paralyticos
415 3171 607 3226 restringeret.
649 3169 704 3218 The
720 3170 866 3232 expression
884 3168 996 3216 exhibite
1014 3183 1049 3215 an
1067 3182 1157 3230 appro-

154 3244 240 3308 priate
251 3244 372 3292 selection
384 3243 411 3291 of
418 3244 517 3302 words;
534 3240 790 3304 vapchda=reaolva
802 3243 830 3291 of
838 3242 921 3292 which
933 3243 1059 3303 restringo
1075 3242 1096 3290 is
1113 3242 1159 3290 the

157 3322 233 3367 exact
243 3317 387 3368 antithesis.

193 3405 231 3453 14
244 3394 383 3440 elementa
392 3392 456 3446 ipsa
464 3392 626 3440 famularet.
642 3390 791 3450 Romulare,
801 3393 808 3417 ‘
815 3396 842 3437 to
850 3389 926 3437 make
933 3386 1102 3448 serviceable,’
1111 3389 1133 3437 is
1142 3406 1159 3437 a

156 3481 217 3516 rare
232 3464 302 3514 word
322 3464 435 3514 confined
455 3470 482 3513 to
502 3465 555 3513 late
571 3466 679 3514 writers.
712 3466 767 3513 The
784 3463 912 3526 deponent
920 3463 1056 3527 famulari
1072 3480 1158 3512 occurs

155 3540 215 3590 adv.
227 3540 315 3604 Herm.
334 3552 381 3601 29;
398 3538 429 3585 dc
440 3554 486 3588 cea.
501 3554 573 3586 cara.
586 3548 617 3602 47
630 3538 700 3602 (bis),
711 3539 795 3587 where
804 3537 938 3602 famulati
953 3537 1008 3585 Deo
1024 3538 1047 3586 is
1063 3538 1158 3600 quoted

155 3615 225 3663 from
247 3614 292 3662 the
314 3614 385 3676 early
401 3612 507 3661 African
525 3614 625 3661 version
642 3614 670 3661 of
687 3615 732 3663 the
748 3613 783 3663 N.
801 3614 839 3675 T„
858 3612 903 3662 the
920 3612 1034 3677 Vulgata
1054 3613 1158 3678 reading

158 3689 306 3751 accusasti
316 3688 380 3743 Deo,
391 3686 465 3736 Rom.
478 3686 513 3738 vi.
526 3700 564 3735 22.

195 3775 233 3825 15.
251 3765 398 3818 procellas.
432 3760 457 3810 S.
470 3761 548 3809 Mark
560 3761 595 3809 iv.
608 3772 647 3823 37.

193 3835 231 3884 16.
248 3838 479 3893 primogenitum.
512 3835 653 3889 coloratus
663 3835 681 3886 i
693 3847 731 3897 15,
