2784 4242
246 251 286 309 14
522 232 723 297 Tertulliani
741 233 964 317 Apologetz'cus
1008 224 1009 227 ¹
1116 244 1188 309 [car.
1200 251 1247 297 111.

243 403 438 464 Christianus.
460 403 538 463 Item
547 402 639 463 alius:
662 404 727 481 Ego
735 403 825 464 miror
838 404 962 464 Lucium
977 404 1137 481 sapientem
1145 406 1246 466 virum

240 507 361 580 repente
380 502 490 561 factum
507 501 715 562 Christianum.
756 503 850 563 Nemo
869 507 1031 563 retractat:
1054 503 1159 564 Nonne
1178 504 1246 565 ideo

242 600 449 674 honorosius,
466 604 497 661 et
513 601 641 679 prudens
659 600 778 673 Lucius,
788 601 864 678 ’quia
878 588 1084 662 Chriiiianusl
1105 598 1159 671 aut
1179 603 1246 662 ideo

242 699 438 771 Christianus,
453 699 522 775 quia
541 699 670 777 prudens
683 704 714 758 ct
734 699 847 760 bonust
889 699 1027 759 Laudant
1042 720 1117 779 quae
1138 701 1243 773 sciunt,

217 797 415 875 svituperant
426 818 500 875 quae
514 795 660 875 ignorant,
670 803 702 857 et
715 797 746 857 id
755 798 835 875 quod
848 798 955 871 sciunt,
965 819 999 865 eo
1010 801 1090 875 quod
1097 798 1243 878 ignorant,

240 903 452 975 corrumpunt3
474 896 712 975 cum-sitjustiua
725 897 840 957 occidte
853 897 889 957 de
911 897 1075 958 manifestis
1095 898 1243 976 praejudi-

241 992 314 1068 care,
332 1017 419 1074 quam
439 996 595 1056 manifesta
616 996 652 1056 de
672 997 794 1057 occultis
815 997 1033 1074 praedamnare.
1075 995 1148 1069 Alii,
1170 1018 1243 1074 quos

239 1101 320 1154 retro
334 1100 402 1155 ante
416 1094 470 1154 hoc
483 1114 587 1154 nomen
601 1115 697 1177 rages,
708 1095 791 1169 viles,
806 1095 954 1173 improbos
968 1084 1118 1178 noverant,
1128 1116 1166 1155 ex
1178 1084 1250 1173 ipso¹

239 1182 387 1289 denotant,
397 1214 455 1271 quo
465 1193 589 1253 laudant
596 1212 605 1266 ;
619 1182 759 1258 caecitate
756 1193 830 1264 odii
842 1194 873 1252 in
884 1194 1055 1272 suffragium
1065 1195 1241 1274 impingunt.

201 1315 231 1351 ιο
241 1292 322 1365 Quae
349 1291 471 1351 mulier!
492 1312 580 1368 quam
607 1291 725 1362 lasciva,
746 1311 835 1368 quam
859 1293 982 1352 festival
1025 1294 1085 1367 Qui
1108 1295 1240 1372 juvenisl

240 1412 326 1470 quam
347 1391 481 1491 lascivus,
497 1411 586 1468 quarn
605 1386 751 1451 amasius!
792 1392 877 1452 Facti
898 1398 967 1452 sunt
980 1392 1151 1453 Christiani.
1192 1395 1241 1453 Ita

239 1510 344 1549 nomeu
357 1458 554 1549 emendationi
568 1486 742 1567 imputatur
785 1489 929 1550 Nonnulli
942 1491 1032 1550 etiam
1052 1491 1089 1550 de
1102 1491 1240 1552 utilitati·

238 1591 293 1649 bus
307 1588 368 1648 suis
381 1609 448 1648 cum
469 1588 536 1648 odio
549 1588 606 1647 isto
619 1588 816 1666 paciscuntur,
831 1589 991 1648 contenti
983 1589 1099 1666 injuria,
1115 1589 1186 1649 dum
1204 1611 1240 1650 nc

237 1689 317 1749 domi
330 1689 465 1760 habeant,
481 1686 559 1763 quod
573 1688 707 1749 oderunt.
749 1687 881 1747 Uxorem
892 1690 953 1763 jam
967 1686 1104 1766 pudicam
1117 1688 1240 1748 maritus

199 1788 298 1865 15jam
317 1808 377 1847 uon
397 1786 548 1863 zelotypus
569 1785 661 1863 ejecit,
675 1786 770 1846 filium
788 1787 850 1864 jam
871 1780 1142 1864 subjectum'pater
1161 1794 1239 1848 retro

237 1887 352 1964 patiens
366 1885 521 1957 abdicavit,
535 1904 650 1944 servum
661 1887 724 1961 jam
746 1885 862 1944 fidelem
875 1885 1012 1944 dominus
1026 1886 1095 1944 olim
1108 1887 1189 1947 mitis
1202 1887 1239 1946 ab

236 1984 329 2045 oculis
343 1983 504 2062 relegavit:
525 1989 559 2042 ut
573 1982 696 2060 quisque
710 1982 764 2043 hoc
780 1984 898 2043 nomine
912 1985 1092 2058 emendatur,
1108 1985 1236 2045 offendit.
1298 1970 1303 1980 “

238 2083 327 2144 Tanti
341 2104 399 2143 nou
412 2087 457 2142 est
470 2084 587 2153 bonum,
600 2082 704 2160 quanti
718 2081 875 2141 estodium
889 2082 1130 2142 Christianorum.
1151 2084 1238 2142 Nunc

237 2183 338 2260 igitur,
353 2181 378 2240 si
394 2179 521 2240 nominis
541 2180 640 2240 odium
660 2185 714 2251 est,
735 2179 802 2259 quis
822 2180 973 2240 nominum
993 2184 1114 2241 reatusl
1155 2182 1238 2256 Quae

198 2301 230 2336 ιο
238 2281 382 2342 accusatio
396 2279 653 2352 vocabulorum,
624 2279 682 2339 ursi
695 2300 721 2357 sa
712 2279 787 2339 aut
800 2280 957 2339 barbarum
971 2285 1056 2340 sonat
1069 2280 1168 2358 aliqua
1181 2300 1238 2340 vox

237 2380 372 2450 nominis,
396 2383 449 2437 aut
475 2378 585 2437 infaust
572 2383 645 2452 tum,
669 2382 722 2437 aut
749 2374 929 2453 maledicum,
952 2383 1007 2438 aut
1034 2364 1237 2458 impudicuml

237 2476 423 2540 Christianus
448 2497 529 2548 vero,
553 2482 698 2552 quantum
724 2477 931 2555 interpretatio
956 2482 1011 2550 est,
1036 2478 1072 2537 de
1097 2478 1237 2538 unctione

236 2576 397 2657 deducitur.
440 2574 547 2649 Sedet
567 2595 633 2637 cum
646 2595 799 2654 perperam
820 2575 1011 2639 Chrestianus
1028 2552 1237 2654 pronuntiatur

235 2745 262 2787 to
278 2734 409 2798 designate
424 2749 458 2781 au
475 2732 618 2796 imagine-ry
631 2748 660 2781 or
677 2731 806 2781 unnamed
823 2747 977 2796 personnge3
995 2733 1071 2780 much
1087 2749 1114 2781 as
1129 2733 1235 2798 English

236 2812 343 2874 lawyers
353 2808 474 2871 formerly
485 2802 618 2872 employed
625 2806 670 2854 the
681 2806 778 2855 initials
790 2807 824 2854 ‘J
827 2842 833 2853 .
842 2802 886 2865 S.)
897 2807 916 2854 i.
924 2822 944 2855 e.
957 2806 990 2855 ‘J
992 2805 1042 2854 ohn
1053 2805 1155 2869 Styles!

271 2901 294 2934 2.
312 2888 403 2932 Nemo
420 2885 561 2931 retractat.
595 2880 653 2947 ‘No
664 2895 712 2928 one
729 2880 841 2929 troubles
852 2884 880 2929 to
893 2879 1008 2928 consider
1024 2880 1178 2929 whether..
1193 2879 1234 2939 .';

236 2977 278 3010 see
287 2964 347 3008 note
355 2974 387 3007 on
395 2973 424 3006 ra
425 2961 543 3017 t‚raeturc
555 2955 595 3006 ch.
604 2968 649 3018 25;
667 2970 747 3018 comp
755 2953 841 3018 iicorp.
854 2957 895 3016 7,ι
901 2953 1234 3018 necquicquamretractat’
1247 2970 1253 2993 ι

235 3039 281 3085 eto.

268 3108 292 3160 6
310 3103 620 3164 corrumperemur
641 3119 704 3167 very
725 3102 881 3166 recognition
904 3101 933 3151 ol
951 3102 997 3152 the
1021 3103 1087 3166 good
1108 3069 1235 3166 qualitiea

236 3186 321 3242 loono,
333 3183 442 3245 prodens
455 3180 473 3244 (‘
480 3179 508 3228 id
518 3178 587 3243 quod
598 3178 682 3229 sciunt
688 3176 729 3240 ’')
721 3193 744 3226 rs
754 3177 854 3226 marred
864 3178 899 3242 by
907 3177 952 3226 the
959 3177 1121 3242 exprobratio
1128 3193 1236 3226 moeonas

239 3258 383 3309 eumaem·
393 3255 476 3304 which
487 3269 546 3318 goes
557 3252 632 3317 along
642 3252 707 3301 with
718 3254 741 3302 it
752 3254 771 3314 (‘
779 3269 809 3301 eo
817 3252 899 3315 quod
891 3257 1009 3315 ignorant
1016 3249 1051 3315 )
1045 3288 1052 3311 ,
1069 3255 1235 3315 corrumpunt

235 3336 257 3383 is
269 3330 400 3397 employed
410 3329 534 3392 similarly
545 3328 584 3378 ch.
596 3325 637 3390 46.

268 3424 291 3473 9.
308 3411 340 3455 in
349 3404 514 3462 mmagimn
521 3406 699 3460 impingunt:
711 3402 756 3450 ‘in
764 3401 834 3450 their
843 3400 917 3450 blind
924 3399 1015 3449 hatred
1023 3400 1136 3465 theyare
1145 3400 1234 3450 driven

234 3489 262 3532 to
281 3496 339 3546 pass
358 3495 374 3527 a
390 3477 537 3527 favourable
555 3473 705 3541 J‘udgment.'
751 3476 806 3525 The
823 3480 936 3524 coutrast
953 3475 1042 3524 drawn
1059 3475 1173 3523 between
1190 3475 1234 3523 the

235 3568 317 3621 pagan
328 3553 379 3602 and
390 3552 519 3601 Christian
535 3551 599 3599 lives
615 3549 643 3599 of
651 3549 719 3599 their
733 3549 826 3598 former
836 3547 933 3597 friends
943 3564 995 3597 was
1006 3564 1040 3597 an
1050 3548 1158 3611 implicit
1167 3563 1232 3597 com-

235 3628 382 3678 mendatior
393 3624 421 3674 oi
428 3624 496 3674 their
507 3622 661 3674 couversion.

272 3700 309 3751 16.
326 3702 485 3750 adecavit:
496 3695 706 3755 ‘disinheritsd'3
722 3697 768 3746 the
773 3696 879 3762 judicial
889 3695 1057 3760 signification
1068 3695 1096 3743 oi
1104 3695 1232 3744 abdicare.

236 3776 269 3826 Iu
280 3775 319 3824 ch.
331 3773 346 3822 6
358 3773 541 3821 abdicauerunt
551 3772 624 3820 bears
634 3772 669 3820 its
679 3772 753 3820 usual
764 3787 835 3820 sense
847 3772 875 3820 of
885 3768 1027 3835 ‘rejected'

271 3861 309 3910 23.
315 3849 510 3897 Ohresuanus:
520 3860 598 3909 comp.
604 3844 706 3894 Sueten.
715 3844 809 3896 Claud.
819 3859 832 3892 r
835 3857 849 3908 5
852 3881 859 3906 ,
865 3845 892 3894 ‘J
893 3844 986 3893 udaeos
990 3843 1124 3907 impulsore
1128 3843 1232 3892 Chresto
