2784 4242
140 244 353 308 ciexxxrx]
397 236 556 301 adversus
581 235 698 301 Gentes
711 246 776 320 pro
802 236 1012 304 Christianis.
1087 257 1147 320 119

140 404 327 466 conscientia
340 406 489 484 religionis
503 413 534 468 et
548 407 721 486 disciplinae
732 407 890 469 divinitate
904 414 935 469 et
949 409 1012 486 spei
1025 409 1148 469 foedere.

141 504 267 564 Coimus
289 504 321 563 in
346 512 461 566 coetum
483 515 513 565 et
537 506 800 584 congregationem,
820 512 855 567 ut
878 508 916 567 ad
941 508 1045 581 Deum,
1067 508 1151 587 quasi

139 606 342 677 manufacta,
364 605 580 682 precationibus
601 607 771 666 ambiamus.
812 607 895 667 Haec
914 606 960 666 vis
981 606 1045 667 Deo
1065 613 1152 686 grata

140 708 200 761 eet.
242 703 368 762 Oramus
382 703 472 763 etiam
486 725 539 782 pro
552 704 788 782 imperatoribus,
799 726 853 782 pro
867 704 1037 766 ministeriis
1052 727 1151 766 eorum

42 877 48 886 ¹
139 822 180 860 ac
194 802 400 878 potestatibus,
412 823 466 881 pro
479 809 560 863 statu
573 804 690 876 saeculi,
702 825 756 882 pro
770 825 870 864 rerum
884 804 991 883 quiete,
1005 825 1058 882 pro
1072 818 1175 869 mores

140 900 223 959 finis.
266 900 409 977 Cogimur
421 902 459 960 ad
473 901 643 961 litterarum
658 902 828 962 divinarum
842 903 1151 975 commemorationem,

141 998 173 1057 si
187 998 259 1076 quid
272 999 469 1076 praesentium
483 1008 648 1077 temporum
662 1001 791 1077 qualitas
804 1008 857 1061 aut
870 1021 1060 1080 praemonere
1074 1001 1153 1078 cogit

141 1102 200 1155 aut
226 1117 439 1173 recognoscere.
481 1098 570 1158 Certe
597 1099 686 1159 fidem
712 1101 821 1160 sanctis
849 1101 969 1160 vocibus
997 1100 1152 1178 pascimus,

142 1215 229 1272 spem
248 1194 399 1273 erigimus,
420 1195 558 1255 fiduciam
578 1197 706 1275 figimus,
728 1198 913 1276 disciplinam
934 1204 1154 1276 praeceptorum

142 1295 337 1354 nihilominus
360 1296 393 1355 in
415 1296 696 1373 compulsationibus
723 1298 896 1369 densamus;
931 1299 1040 1358 ibidem
1064 1298 1153 1357 etiam
1167 1320 1195 1357 ιο

143 1392 397 1465 exhortationnes,
420 1394 627 1471 castigationes
655 1400 686 1453 et
713 1416 835 1455 censura
857 1395 966 1454 divine.
1023 1397 1101 1456 Nem
1124 1403 1156 1455 et

140 1491 298 1568 judicatur
316 1513 421 1570 magno
442 1513 508 1551 cum
529 1494 664 1568 pondere,
679 1499 716 1552 nt
737 1495 816 1572 apud
837 1499 932 1554 certos
952 1495 989 1554 de
1010 1494 1068 1554 Dei
1089 1515 1154 1553 con-

144 1598 260 1667 spectu,
274 1611 477 1667 summumque
497 1591 592 1649 futuri
610 1592 718 1668 judicii
738 1592 950 1669 praejudicium
970 1598 1026 1666 est,
1043 1592 1068 1651 si
1089 1592 1155 1667 quis

144 1688 191 1747 ita
206 1688 371 1766 deliquerit,
386 1695 420 1748 ut
439 1710 457 1748 a
471 1689 731 1751 communicatione
753 1691 893 1750 orationis
907 1696 937 1750 et
951 1695 1111 1750 conventus
1125 1696 1156 1749 et

145 1785 245 1844 omnis
258 1787 350 1846 sancti
360 1787 525 1846 commercii
539 1788 694 1864 relegetur.
736 1789 908 1848 Praesident
921 1788 1036 1866 probati
1047 1788 1155 1865 quique
1167 1809 1195 1859 15

216 1911 279 1965 ipsa
289 1912 403 1967 negotia
421 1912 599 1959 Christianae
616 1912 758 1971 factionis,
777 1912 836 1961 ‘the
853 1912 907 1960 real
923 1911 988 1961 facts
1005 1911 1156 1975 cencerning

146 1984 196 2033 the
206 1984 336 2032 Christian
347 1982 463 2047 society‚'
476 1985 538 2033 ‘the
549 1990 607 2033 true
617 1986 733 2034 business
744 1986 773 2034 oi
781 2002 829 2037 our
841 1983 910 2050 gild’

185 2070 208 2105 α.
225 2060 306 2114 quasi
317 2073 404 2106 manu
415 2060 500 2108 facta.
533 2059 559 2106 A
570 2059 686 2123 military
697 2060 841 2122 expression
853 2059 917 2108 with
925 2058 1006 2107 which
1016 2058 1157 2108 ambiamus

147 2130 203 2179 and
213 2130 284 2181 Haec
295 2133 334 2180 eis
345 2133 510 2195 correspond;
528 2133 596 2182 ‘like
607 2149 623 2181 a
633 2134 788 2182 marshalled
803 2134 929 2197 regiment
940 2149 978 2182 we
988 2133 1088 2197 besiege
1099 2132 1156 2181 God

147 2206 216 2255 with
238 2223 284 2255 our
305 2223 426 2272 prayers;
449 2207 500 2256 and
517 2208 569 2257 this
587 2208 702 2257 violence
723 2208 745 2257 is
767 2208 883 2273 pleasing
904 2214 932 2257 to
955 2205 1034 2257 Him'
1068 2208 1155 2271 Comp.

148 2280 176 2329 S.
190 2280 270 2330 Matt.
280 2282 315 2331 xi.
330 2294 367 2329 12.

185 2368 209 2415 4.
228 2356 347 2402 Oramus
364 2369 474 2411 ...pro
486 2369 565 2403 mora
576 2357 659 2403 finis:
676 2369 719 2404 see
730 2359 798 2416 note,
810 2354 849 2405 ch.
863 2369 902 2417 32.

185 2427 209 2477 8.
227 2430 308 2476 (terte
324 2430 419 2488 fidem,
432 2431 479 2477 etc.
515 2428 562 2475 ‘In
579 2443 629 2491 any
646 2443 703 2476 case
715 2463 722 2477 .
735 2466 741 2477 .
755 2425 779 2488 .,’
791 2429 810 2477 s'.
820 2444 840 2478 e.
854 2428 969 2478 whether
980 2429 1024 2478 the
1035 2443 1155 2493 praesen·

149 2503 217 2550 tum
228 2504 367 2565 terem
378 2502 496 2564 qualitas
507 2501 629 2551 demands
640 2502 826 2551 consideration
838 2518 866 2551 or
877 2508 930 2552 not.

188 2587 225 2623 10.
244 2578 276 2623 in
287 2578 567 2632 compulsationibus.
601 2575 635 2624 So
645 2575 707 2624 Cod.
719 2575 793 2624 Fuld.
808 2575 843 2624 al.
856 2576 1072 2625 inculcationibus.

188 2666 225 2714 13.
243 2656 335 2702 futuri
343 2656 446 2711 iudicii
456 2655 663 2711 praejudicium
674 2659 727 2702 est.
761 2653 786 2703 S.
799 2654 877 2703 Matt.
886 2655 958 2704 xviii.
970 2656 999 2703 18
1007 2672 1014 2714 ;
1035 2669 1045 2703 1
1059 2655 1115 2704 Cor.
1130 2670 1154 2704 v.

151 2741 218 2791 3—53
237 2741 249 2774 1
262 2728 354 2777 limi.
369 2740 407 2775 κο.
440 2727 526 2791 Comp.
539 2728 564 2777 S.
576 2728 694 2794 Ambros.
707 2729 738 2777 de
744 2730 846 2791 pessit.
859 2729 876 2778 i.
889 2745 912 2779 n.

220 2806 246 2850 si
264 2807 328 2861 quis
348 2805 391 2852 ita
408 2806 569 2863 deliquerit,
588 2810 633 2853 ete.
666 2802 728 2852 This
745 2803 873 2852 exclusion
894 2803 960 2852 irem
975 2803 1011 2852 all
1028 2803 1157 2853 Christian

150 2877 295 2940 fellowship
310 2878 333 2925 is
349 2877 394 2925 the
411 2877 471 2941 only
481 2876 546 2925 form
562 2876 591 2925 of
604 2876 721 2928 Penance
737 2878 884 2927 mentioned
900 2879 935 2941 by
945 2878 1096 2927 Tertullian.
1131 2878 1158 2926 It

150 2953 175 3001 is
187 2951 256 3014 fully
266 2950 396 3000 described
412 2950 445 2999 de
451 2966 526 3013 poen.
538 2965 563 3015 9,
574 2950 655 3000 under
670 2952 705 3000 its
722 2951 806 3001 Greek
823 2968 897 3001 name
913 2949 1095 3013 ἐξομολόγησις.
1129 2952 1157 3000 It

150 3024 315 3088 corresponds
323 3025 387 3074 with
393 3024 437 3085 τῆς
449 3023 578 3087 ἐκκλησίας
587 3021 771 3079 ἀποβάλλεσθαι
779 3025 830 3074 and
838 3023 989 3073 παντάπασιν
997 3023 1156 3073 testarentur

152 3101 198 3161 τῆς
209 3100 338 3163 ἐκκλησίας
349 3101 377 3151 of
383 3101 428 3150 the
435 3102 526 3166 Apost.
538 3101 637 3150 Canens
646 3102 699 3163 (28,
707 3102 759 3163 51).
793 3103 820 3149 A
831 3102 880 3150 less
892 3117 979 3150 severe
989 3116 1094 3150 censure
1105 3117 1157 3150 was

152 3176 209 3225 also
220 3176 359 3239 employed,
371 3176 455 3225 which
468 3175 594 3225 consisted
610 3174 637 3223 in
654 3190 788 3223 severanus
806 3174 870 3224 hom
885 3174 1064 3238 participatior
1074 3175 1102 3223 in
1113 3176 1157 3224 the

153 3249 227 3313 Holy
238 3249 374 3306 Eucharist
386 3247 550 3313 (ἀφορισμός).
575 3249 626 3296 For
636 3247 707 3311 early
715 3248 831 3310 patristic
842 3248 981 3298 references
993 3255 1020 3297 to
1031 3249 1157 3309 Penanoe,

153 3339 196 3373 see
213 3323 291 3372 Clem.
308 3323 382 3372 Rom.
398 3322 455 3372 Cor.
472 3323 489 3372 i.
503 3331 550 3386 573
567 3322 638 3370 Past.
656 3322 746 3370 Herm.
764 3321 816 3372 Vn.
828 3323 865 3372 iii.
879 3335 910 3385 53
929 3321 1013 3371 sense
1027 3334 1058 3387 73
1075 3338 1154 3386 comp.
1251 3325 1255 3334 '

152 3401 225 3449 Just.
238 3398 317 3447 Mart.
328 3396 410 3459 Apol.
423 3397 440 3446 i.
451 3412 499 3461 44;
517 3395 568 3445 and
578 3396 655 3454 Tert,
667 3396 758 3455 below,
769 3396 808 3445 ch.
821 3410 861 3460 44,
873 3396 920 3459 463
937 3397 967 3446 de
973 3396 1064 3461 pudic.
1077 3398 1149 3458 3,18.

191 3484 230 3533 15.
246 3472 413 3519 Praesident
428 3472 544 3527 probati
561 3472 666 3527 quique
686 3472 821 3519 seniores.
854 3471 916 3519 This
934 3486 1038 3534 appears
1053 3475 1086 3524 to,
1096 3473 1127 3520 be
1142 3488 1159 3520 a

154 3544 343 3594 non-mchnical
364 3544 541 3608 compendibus
563 3543 708 3607 expression
730 3542 862 3607 including
884 3544 947 3593 both
972 3544 1080 3607 Bishops
1107 3546 1159 3596 and

155 3620 270 3677 Priests;
293 3633 374 3681 comp.
394 3618 425 3666 de
445 3633 529 3667 coron.
550 3631 574 3678 3,
591 3617 675 3665 where
694 3617 839 3666 Tertullian
860 3618 950 3681 speaks
973 3617 1001 3667 of
1021 3618 1065 3667 the
1087 3619 1159 3682 Holy

154 3692 293 3743 Eucharist
303 3692 378 3755 being
390 3692 504 3741 received
513 3690 578 3739 from
589 3688 634 3739 the
645 3689 726 3739 hands
738 3688 766 3738 of
775 3690 819 3739 the
831 3689 988 3754 ‘praesides’
1000 3693 1090 3750 alone;
1108 3692 1159 3740 and

154 3768 192 3817 aa
203 3782 274 3815 seor.
288 3774 310 3829 7,
323 3750 408 3813 ahala
424 3765 456 3814 he
473 3763 571 3813 annea
582 3768 609 3812 a
620 3763 665 3812 ele
676 3763 809 3826 amsans
820 3764 963 3829 injunctae
977 3778 987 3813 1
1001 3767 1067 3815 rim.
1078 3766 1115 3814 m.
1127 3780 1156 3823 η

154 3843 207 3891 Tit.
218 3841 235 3889 i.
245 3839 268 3899 6,
278 3838 423 3902 forbidding
440 3838 573 3902 digamists
579 3836 737 3901 praesidere.
770 3838 862 3902 Bingh.
875 3839 909 3888 iv.
922 3853 944 3901 3.
957 3855 980 3902 λ
1015 3840 1158 3890 Elsewhere
