2784 4242
57 311 62 317 ,
146 247 289 313 cmxli]
346 238 506 305 adversus
526 238 643 304 Gentes
660 238 722 322 pro
747 238 953 306 Christianis.
1106 251 1149 319 45

144 415 289 493 qualium.
342 413 402 475 Sed
421 419 457 474 ut
476 414 610 475 omittam
630 413 718 493 hujus
742 413 932 491 indignitatis
956 415 1150 473 muaotatnm

145 514 233 593 probi
246 520 277 574 et
290 511 402 591 integri
415 519 446 573 et
459 511 530 572 boni
550 512 670 572 fuerint.
713 512 795 587 Quot
814 518 915 572 tamen
929 511 1058 589 potiores
1072 510 1150 571 viros

146 613 229 691 apud
246 612 355 671 inferos
373 612 555 690 reliquistist
576 612 706 689 aliquem
723 611 760 670 de
778 611 922 689 sapientia
941 610 1099 681 Socratem,
1114 609 1151 669 de

142 711 264 789 justitie
283 710 457 784 Aristidem,
476 711 513 769 de
533 709 642 771 militia
660 709 891 783 Themistoclem,
913 709 950 769 de
969 708 1149 773 sublimitate

147 808 360 881 Alexandrum,
380 809 417 869 de
445 807 587 868 felicitate
616 808 807 886 Polycratem,
829 807 866 867 de
890 806 972 886 copia
1001 805 1174 884 Croesum,5

144 908 184 968 de
208 907 375 985 eloquentia
402 906 650 967 Demostheneml
705 905 781 981 Quis
807 926 845 966 ex
871 906 933 966 illis
960 904 1018 978 diis
1044 904 1150 966 vestris

146 1005 268 1086 grarim
283 1013 315 1065 et
332 1004 492 1083 sapientior
505 1003 627 1076 Catone,
638 1003 750 1082 justior
766 1009 798 1064 et
815 1002 976 1064 militarior
992 1001 1150 1080 Scipionel

145 1105 216 1184 quis
230 1104 384 1164 sublimior
403 1101 552 1181 Pompeio,
565 1102 679 1161 felicior
693 1102 786 1174 Sulla,
800 1102 944 1181 copiosior
965 1101 1077 1173 Crasso,
1091 1102 1151 1161 elo·

143 1203 287 1281 quentior
300 1203 416 1262 Tulliot
458 1201 577 1276 Quanto
590 1202 710 1279 dignius
725 1201 798 1261 istos
819 1202 888 1262 deos
900 1202 951 1261 ille
964 1201 1152 1261 assumendos

146 1306 352 1380 exspectasset,
363 1301 512 1380 praescius
525 1300 629 1378 utique
642 1299 814 1377 potiorumt
843 1300 1026 1378 Properarit,
1037 1300 1149 1378 opinor,
1161 1328 1191 1364 10

143 1407 177 1461 et
191 1402 302 1461 caelum
314 1401 402 1460 semel
416 1399 512 1473 clusit,
525 1404 556 1460 et
566 1398 756 1476 nuncutiqne
766 1398 937 1459 melioribus
950 1400 1030 1478 apud
1042 1398 1150 1459 inferos

146 1499 372 1561 mussitantibus
386 1498 540 1559 erubescit.

537 1822 671 1919 cerus
692 1825 762 1884 XII.

190 1999 289 2059 Cnseo
310 2000 372 2076 jam
397 1997 433 2058 de
457 1998 532 2074 istis,
558 2006 594 2061 ut
617 1999 669 2078 qui
691 1998 782 2059 sciam
805 2019 851 2058 me
874 2019 913 2058 ex
936 1996 1001 2076 ipsa
1024 1997 1150 2061 veritate

145 2099 414 2160 demonstraturum
435 2097 508 2175 quid
528 2117 588 2159 non
612 2099 680 2171 sint,
703 2119 796 2177 quum
816 2097 967 2157 ostendero
989 2097 1061 2175 quid
1080 2097 1149 2159 sint.
1161 2128 1189 2178 15

145 2199 300 2274 Quantum
323 2196 418 2274 igitur
439 2197 476 2257 de
500 2198 558 2258 diis
581 2197 698 2271 vestris,
721 2197 841 2256 nomina
864 2197 1044 2257 solummodo
1065 2198 1149 2257 rideo

143 2296 332 2377 quorundam
352 2300 485 2356 veterum
504 2301 696 2370 mortuorum,
717 2301 748 2354 et
767 2295 881 2355 fabulas
901 2296 998 2368 audio,
1015 2301 1046 2356 et
1066 2317 1150 2357 sacra

144 2397 185 2456 de
203 2394 312 2454 fabulis
332 2414 522 2472 recognosco;
544 2400 687 2475 quantum
708 2399 808 2454 autem
826 2393 862 2453 de
883 2392 1048 2455 simulacris
1067 2395 1149 2475 ipsis,

144 2494 224 2556 nihil
245 2493 327 2555 aliud
348 2493 542 2572 deprehendo,
563 2514 650 2572 quam
670 2493 810 2553 materias
831 2512 944 2554 sorores
964 2514 1026 2553 esee
1046 2515 1149 2555 vascu-

182 2682 206 2720 ι.
220 2670 346 2718 inerint:
364 2672 488 2731 ‘suppose
499 2667 563 2731 they
572 2683 658 2719 were.
673 2704 679 2716 .
691 2664 708 2716 .’

181 2757 205 2807 3.
221 2747 257 2793 de
274 2745 416 2800 sapientia
433 2745 587 2793 socratem.
620 2741 688 2792 Plin
706 2741 751 2791 vii.
769 2755 819 2804 313
835 2741 896 2792 Vel.
914 2742 987 2794 Max.
1004 2743 1041 2792 iii.
1057 2758 1091 2806 43
1108 2758 1150 2792 see

143 2817 238 2879 below,
251 2817 291 2871 ch.
304 2816 345 2880 46.
914 2856 918 2863 .

213 2895 249 2942 de
267 2894 382 2951 justitie
403 2892 569 2943 Aristidem.
613 2889 752 2947 Aristides,
775 2907 803 2941 so
823 2890 967 2940 celebrated
989 2907 1081 2955 among
1102 2892 1148 2940 the

145 2968 245 3018 Greeks
262 2966 313 3016 and
330 2965 465 3030 especially
476 2970 504 3015 at
520 2965 622 3015 Athens
638 2965 733 3017 sorbis
749 2965 842 3029 justice
859 2964 910 3015 and
927 2965 1025 3029 eqnity,
1041 2965 1099 3015 that
1115 2965 1148 3014 he

143 3041 264 3097 received
274 3041 318 3090 the
329 3055 467 3104 cognomen
478 3041 492 3088 d
504 3037 599 3089 δίκαιοι.
632 3040 705 3093 Plnt.
712 3042 758 3089 vet.
769 3039 851 3090 Arist.

180 3129 205 3179 4.
222 3117 343 3167 militie:
361 3114 491 3179 ‘military
506 3113 594 3175 skill';
611 3115 703 3164 Florus
719 3114 754 3163 iv.
773 3127 787 3176 5
804 3128 861 3163 uses
879 3112 923 3162 the
939 3111 1009 3162 word
1025 3112 1066 3163 ior
1084 3113 1148 3161 ‘sol-

143 3189 231 3254 dierly
241 3184 363 3252 courage'
369 3203 376 3247 ;
392 3193 505 3237 conuast
515 3188 550 3237 its
561 3203 606 3238 use
616 3188 652 3253 by
661 3187 805 3237 Tertullian
816 3187 904 3246 above,
918 3186 957 3238 ch.
970 3201 995 3250 9.

182 3276 205 3326 5.
223 3267 259 3312 de
271 3264 408 3313 felicitate
423 3264 608 3320 Polycratem.
641 3262 703 3315 Vel.
713 3261 784 3310 Mox.
796 3261 830 3310 vi.
842 3275 866 3324 9.
879 3274 903 3323 5.

180 3336 206 3388 6.
222 3340 258 3388 de
270 3339 434 3394 eloquentie
445 3339 674 3386 Demosthenem.
708 3335 767 3384 Val.
780 3335 851 3384 Max.
863 3335 897 3383 iv.
910 3347 923 3397 5
935 3348 942 3393 3
957 3334 1012 3383 viii.
1026 3343 1051 3397 7.

183 3424 206 3477 7.
222 3414 377 3462 militarior
394 3413 536 3468 scipione.
569 3411 636 3460 Plin.
656 3411 700 3461 vii.
723 3421 752 3475 η
762 3427 771 3471 3
796 3426 838 3459 see
857 3409 912 3459 also
930 3409 964 3461 ib.
984 3407 1022 3468 26,
1041 3424 1083 3472 44,
1101 3422 1147 3471 303

145 3488 230 3551 itec

181 3577 206 3626 9.
224 3564 339 3618 Quanto
358 3563 474 3620 dignim
494 3597 502 3614 .
519 3595 527 3613 .
544 3595 554 3610 .
571 3563 638 3611 ille:
661 3561 682 3611 ι’.
694 3575 716 3609 e.
737 3559 885 3608 ‘sublimior
903 3557 966 3607 deus
985 3563 1012 3608 et
1028 3573 1147 3622 manceps
1261 3560 1264 3569 ’

145 3633 310 3694 dionesie:
322 3634 411 3684 above.

181 3720 222 3773 17.
240 3723 320 3759 secra
331 3711 366 3757 de
377 3710 483 3759 fabulis
494 3723 501 3758 ι
518 3707 654 3772 ‘religione
665 3707 728 3758 rites
739 3706 852 3757 founded
862 3722 930 3771 upon
939 3707 985 3757 the
994 3703 1092 3756 fables!

181 3797 223 3848 19.
240 3785 373 3832 materies
385 3797 510 3833 sorores:
529 3782 643 3832 ‘similar
653 3778 818 3832 substances!
850 3781 936 3845 comp.
949 3780 1036 3830 Isaiah
1045 3780 1108 3830 xliv.
1120 3779 1146 3828 ff.

145 3858 187 3913 for
197 3856 244 3909 the
254 3871 324 3906 same
334 3856 449 3907 mtlrical
460 3861 603 3922 argument.
