2784 4242
266 242 329 300 114
543 221 743 288 Tertulliani
761 220 988 306 Apolegeticus
1046 230 1120 295 [oss.
1133 234 1269 282 xxxvn.

262 395 355 472 fingi,
377 394 429 455 sed
449 393 482 451 in
503 393 541 453 iis
563 393 701 466 moribus,
724 393 830 471 quibus
854 393 982 453 civilitas
1004 393 1036 452 in
1060 393 1271 471 imperatorem

262 499 325 552 tam
340 513 407 553 vere
423 513 511 571 quam
530 493 609 553 circa
622 513 724 553 omnes
744 512 861 554 necesse
873 492 964 553 habet
978 491 1120 553 exhiberi.
1163 491 1271 567 Neque

262 591 341 652 enim
355 591 425 653 haec
440 611 529 670 opera
542 592 633 651 bonae
647 592 756 651 mentis
769 592 840 652 solis
853 591 1080 670 imperatoribus
1093 592 1242 652 debentur
1253 610 1272 647 a

263 689 354 749 nohis.
397 691 522 749 Nullum
535 691 647 750 bonum
661 692 716 750 suh
730 690 902 768 exceptione
923 709 1115 768 personarum
1129 688 1271 747 adminis-

238 797 383 862 5tramus‚
409 790 479 867 quia
506 790 591 849 nobis
618 796 808 868 praestamus,
838 789 892 865 qui
919 810 978 848 non
1005 789 1044 848 ab
1070 787 1189 847 homine
1218 793 1271 846 aut

262 887 366 962 laudis,
380 894 432 947 aut
448 888 573 965 praemii
590 907 751 965 expensum
769 893 938 965 captamus:
960 888 1011 947 sed
1025 908 1043 946 a
1056 888 1120 946 Deo
1133 892 1271 946 exactore

261 994 292 1046 et
307 994 524 1047 remuneratore
537 986 732 1046 indifferentis
746 986 947 1062 benignitatis.
987 985 1083 1045 Iidem
1096 1006 1200 1046 sumus
1217 986 1270 1043 im·

262 1086 456 1163 potatoribus,
477 1085 530 1162 qui
550 1092 582 1145 et
601 1085 707 1145 vicinis
727 1086 846 1145 nostris.
887 1085 967 1144 Male
988 1084 1068 1145 euim
1087 1086 1172 1157 velle,
1194 1087 1270 1145 male

262 1184 364 1256 facere,
390 1185 466 1244 male
490 1185 595 1256 dicere,
620 1185 695 1243 male
719 1182 850 1260 cogitare
872 1184 909 1244 dc
937 1203 1083 1261 quoquam
1112 1204 1149 1243 ex
1177 1204 1270 1262 aequo

224 1307 254 1343 10
262 1289 404 1342 vetamur.
447 1283 647 1359 Quodcunque
663 1303 724 1340 non
744 1282 815 1342 licet
831 1282 864 1340 in
884 1281 1099 1359 imperatorem,
1114 1281 1146 1340 id
1166 1303 1222 1342 nec
1238 1282 1269 1341 in

262 1401 455 1461 quemquam
477 1383 557 1457 quod
567 1381 599 1439 in
610 1381 764 1452 neminem,
773 1401 807 1440 eo
817 1381 939 1440 forsitan
949 1380 1041 1457 magis
1052 1400 1106 1439 nec
1119 1380 1152 1438 in
1163 1380 1268 1459 ipsum,

263 1481 314 1559 qni
328 1500 381 1558 per
394 1481 490 1539 Deum
503 1484 605 1539 tantus
618 1487 671 1539 est.

606 1678 743 1739 CAPUT
771 1676 926 1737 XXXVII.

303 1830 338 1888 SI
362 1829 507 1900 inimicos,
529 1833 565 1888 ut
589 1849 678 1907 supra
703 1827 841 1900 diximus,
864 1827 1001 1903 jubemur
1023 1826 1156 1905 diligere,
1182 1823 1284 1907 quem¹

223 1929 401 2007 15habemus
422 1928 538 1988 odissei
580 1929 658 1987 Item
683 1928 709 1987 si
729 1927 801 1987 laesi
821 1928 915 1986 vicem
935 1929 1045 1988 referre
1066 1928 1266 2005 prohibemur,

261 2048 315 2086 nec
330 2028 366 2088 de
380 2029 457 2087 facto
471 2048 556 2105 pares
570 2028 668 2098 simus,
685 2047 773 2103 quem
789 2046 944 2103 possumus
963 2027 1097 2087 laedere‘l
1139 2028 1220 2086 Nam
1233 2028 1268 2086 de

262 2126 319 2184 isto
336 2126 394 2204 ipsi
409 2126 615 2203 recognoscite.
656 2126 799 2200 Quotiens
818 2126 896 2184 enim
917 2126 950 2184 in
967 2125 1152 2186 Christianos
1169 2127 1268 2187 desae·

263 2283 342 2331 sition
351 2282 374 2330 is
385 2283 500 2332 likewise
510 2283 567 2332 able
577 2288 605 2332 to
618 2282 750 2347 discharge
764 2297 828 2331 even
843 2297 912 2331 more
928 2281 1067 2347 rigorously
1078 2297 1106 2330 as
1117 2298 1133 2331 a
1143 2282 1218 2332 eloah
1229 2283 1267 2331 ior
1362 2327 1363 2370 ,

262 2357 298 2405 its
309 2371 366 2405 own
375 2356 510 2420 purposesl

298 2444 320 2478 1.
338 2432 477 2479 civilitas:
494 2431 556 2479 used
570 2430 630 2479 here
649 2430 677 2478 in
691 2431 726 2479 its
744 2429 797 2478 late
817 2428 995 2493 signification,
1006 2428 1089 2479 which
1100 2445 1165 2495 very
1179 2431 1267 2494 nearly

264 2503 414 2567 approaohas
424 2508 453 2552 to
463 2519 509 2552 our
520 2504 626 2553 modern
637 2503 794 2562 derivative;
813 2507 845 2551 ‘a
858 2502 949 2567 kindly
961 2500 1126 2566 disposition,’
1136 2504 1268 2568 springing

262 2577 328 2625 from
344 2576 389 2625 the
405 2578 544 2640 possession
560 2579 590 2625 of
604 2593 619 2626 a
638 2576 704 2626 tosa
721 2591 797 2624 meus.
831 2575 885 2624 'I'he
901 2575 972 2625 word
986 2591 1071 2626 ooours
1085 2578 1113 2625 in
1129 2577 1183 2626 this
1198 2593 1268 2627 sense

263 2651 365 2700 Sueten
379 2649 429 2700 Oct.
443 2664 472 2714 51
483 2667 490 2710 ;
506 2651 612 2714 Eutrop.
622 2652 668 2700 vii.
682 2663 721 2701 21.
755 2649 897 2698 Tertullian
908 2649 998 2713 adopts
1009 2650 1031 2699 it
1041 2651 1103 2700 here
1115 2667 1143 2699 ss
1154 2667 1189 2700 sn
1199 2652 1266 2701 anti·

263 2726 343 2776 thesis
353 2730 380 2788 to
391 2725 531 2775 tonditur.

299 2814 321 2851 2.
337 2803 424 2849 habet
436 2802 581 2849 exhiberi:
599 2798 690 2848 istm
700 2798 746 2847 has
762 2798 823 2848 here
833 2798 868 2847 its
877 2799 932 2848 late
943 2815 1016 2849 sense
1026 2798 1171 2851 sidedera:
1187 2817 1265 2865 comp.

264 2875 297 2923 de
312 2875 373 2924 cult.
383 2876 449 2938 fem.
461 2874 478 2922 i.
492 2887 513 2935 1,
528 2874 622 2922 ‘etiam
638 2873 721 2921 Filius
738 2872 787 2922 Dei
804 2874 868 2921 mori
884 2872 1005 2933 habuit';
1022 2875 1054 2922 de
1070 2876 1149 2924 caim.
1162 2888 1200 2938 35,
1216 2880 1267 2924 ‘ce-

263 2956 347 2999 terum
358 2950 451 2997 totiens
461 2948 573 2996 animam
585 2947 698 2995 revocari
709 2946 802 2996 habere
810 2946 832 3005 ’ς
848 2962 876 2996 so
888 2946 954 2996 Plin
966 2946 1034 3011 Epp.
1045 2949 1062 2997 i.
1074 2949 1097 3007 8,
1109 2952 1205 3011 ‘quum
1215 2949 1266 2997 eni·

263 3023 370 3073 tendum
380 3023 530 3072 haberemus
539 3023 562 3081 ’ς
579 3021 631 3069 and
642 3021 760 3069 lactant.
770 3021 931 3084 frequenter.
965 3021 1109 3071 Elsewhere
1124 3021 1266 3071 Tertullian

264 3113 321 3147 uses
337 3096 430 3146 loten
446 3111 474 3145 as
486 3118 508 3136 =
517 3111 606 3160 pceae;
622 3095 663 3145 ch.
676 3108 716 3155 rr,
727 3095 837 3144 ‘habent
847 3110 935 3159 sapere
944 3093 966 3151 '3
983 3096 1021 3145 oh.
1033 3106 1072 3160 37,
1087 3100 1177 3159 ‘quem
1192 3097 1267 3146 habe·

263 3188 320 3221 mus
332 3169 444 3221 odissei’
1263 3209 1266 3210 γ
1359 3155 1360 3184 i

296 3259 320 3307 4.
337 3247 390 3294 sub
403 3245 570 3300 exceptione
586 3256 778 3300 personarum,
792 3240 907 3306 ‘subject
923 3248 951 3291 to
967 3257 1018 3306 any
1029 3242 1162 3306 exception
1176 3243 1205 3292 of
1211 3259 1266 3308 per·

264 3317 338 3368 sena'
370 3319 417 3366 All
427 3334 495 3378 men,
506 3317 651 3366 Tertullian
664 3321 764 3376 asseris
776 3317 906 3365 whatever
917 3317 985 3366 their
1001 3318 1099 3366 station
1116 3318 1144 3365 in
1160 3317 1211 3378 lile,
1224 3333 1266 3367 are

264 3395 367 3459 equally
376 3393 421 3443 the
432 3393 527 3457 objecta
538 3392 567 3441 oi
574 3392 619 3441 the
631 3391 782 3440 Christian’s
794 3391 934 3455 good-will.

300 3481 336 3516 ιι,
353 3470 431 3525 quod
442 3465 475 3515 in
486 3469 681 3525 neminemne
692 3468 828 3515 forsitan:
848 3466 922 3516 ‘that
929 3465 1013 3514 which
1024 3482 1062 3515 we
1073 3480 1133 3529 may
1141 3472 1188 3515 not
1198 3466 1230 3515 do
1238 3471 1267 3515 to

264 3558 316 3606 any
326 3557 395 3603 man,
407 3541 462 3589 still
474 3541 523 3590 less
534 3541 564 3589 of
570 3556 657 3590 course
666 3556 728 3605 may
740 3556 778 3589 we
788 3540 822 3589 do
832 3545 860 3590 to
870 3540 925 3589 him
937 3538 995 3589 who
1009 3540 1045 3604 by
1054 3537 1132 3589 God's
1143 3540 1198 3589 will
1207 3540 1229 3589 is
1238 3555 1266 3588 so

263 3621 336 3680 great
346 3631 362 3664 a
372 3614 449 3664 man'

300 3699 338 3751 17.
356 3692 497 3745 Quotiens
508 3691 627 3737 enimin
639 3691 830 3739 christianos:
848 3705 927 3754 comp.
936 3689 974 3739 ch.
984 3705 1010 3752 4,
1021 3688 1072 3737 and
1082 3687 1128 3738 the
1139 3688 1267 3738 Introduc·
1357 3675 1358 3690 ¹

265 3763 328 3819 tion,
339 3777 402 3824 page
412 3762 463 3810 xvi.
496 3762 548 3811 For
562 3762 628 3811 local
644 3764 815 3826 persecutione
832 3764 882 3813 due
897 3769 926 3814 to
942 3762 1048 3827 popular
1064 3762 1217 3823 tantidem,
1227 3778 1267 3813 ses

265 3835 357 3884 Euseh
371 3834 498 3886 inuisi.
512 3850 558 3897 3²3
575 3853 599 3885 v.
615 3851 644 3898 15
661 3837 695 3885 vi.
710 3850 750 3899 32.
