2784 4242
154 265 318 332 caaxut]
361 254 519 322 adversus
544 255 661 322 Gentes
674 269 740 340 pre
765 256 975 324 Christianis.
1093 278 1156 345 ³33

1181 350 1195 380 Γ
1286 369 1291 380 p
1307 361 1313 370 λ
1357 363 1363 374 l

1257 383 1264 398 ι

83 399 91 405 ⁶
153 427 303 487 timendae
316 426 387 487 estis
400 427 573 505 disciplinae
588 428 627 488 ad
640 427 821 489 innocentiae
834 430 996 492 veritatem.
1037 407 1158 507 Quanta¹

150 533 202 585 est
215 526 374 605 prudentia
391 526 518 587 bominis
530 528 569 588 ad
582 527 842 588 demonstrandum
856 528 928 606 quid
941 549 1010 589 vere
1027 530 1156 590 boum

153 630 268 700 quanta
281 623 441 684 auctoritas
454 625 493 685 nd
506 625 702 703 exigenduml
722 630 784 686 tam
802 625 855 688 illa
873 626 936 686 falli
949 626 1053 702 facilis,
1067 649 1155 709 quarn

153 722 214 782 ista
234 722 389 783 contemni
430 723 530 802 Atque
551 724 622 783 adeo
642 723 715 801 quid
735 724 851 802 plenius
871 724 983 785 dictum
1003 732 1068 787 est:
1096 748 1155 788 non

153 818 276 894 occides,
297 843 337 881 an
363 842 453 883 vero:
485 842 522 882 ne
550 821 686 882 irascaris
714 821 852 899 quidemt
894 822 974 898 Quid
998 826 1179 903 perfectiuss

152 918 310 994 prohibere
330 920 516 992 adulterium,
535 941 576 981 an
595 919 686 980 etism
706 920 744 978 ab
764 920 913 980 oculorum
933 922 1068 984 solitaria
1087 945 1155 985 con-

152 1016 334 1095 cupiscentia
353 1022 473 1079 arceret
514 1019 594 1094 Quid
614 1018 761 1078 eruditius
781 1019 818 1080 de
839 1020 988 1095 maleficio,
1007 1042 1050 1083 an
1066 1029 1099 1085 et
1118 1023 1154 1084 de

152 1115 328 1195 maleloquio
355 1116 553 1177 interdiceret
604 1117 684 1192 Quid
714 1118 898 1191 instructius,
927 1120 1065 1197 injuriam
1095 1144 1154 1183 non

150 1214 333 1290 permittere,
346 1235 385 1275 an
398 1236 451 1275 nec
464 1215 556 1274 vicem
569 1214 696 1292 injuriae
717 1216 832 1275 sineret
853 1216 923 1275 dum
937 1223 1037 1278 tamen
1057 1221 1154 1282 sciatis

151 1312 231 1390 ipsas
254 1334 369 1391 quoque
392 1313 471 1390 leges
492 1320 611 1387 vestras,
635 1334 710 1391 quae
734 1314 873 1373 videntur
896 1315 933 1374 ad
957 1315 1195 1380 innocentiamro

149 1430 282 1489 pergere,
306 1412 343 1470 dc
371 1412 471 1472 divina
497 1413 561 1489 lege
588 1420 623 1472 ut
650 1411 817 1489 antiquiore
845 1414 968 1473 formam
995 1423 1153 1478 mutuatas.

151 1508 291 1570 Diximus
307 1512 369 1586 jam
383 1511 419 1570 de
434 1510 524 1570 Mosis
537 1516 641 1571 aetate,
684 1510 743 1571 Sed
757 1516 866 1588 quanta
880 1512 1041 1573 auctoritas
1054 1516 1153 1595 legum

150 1606 353 1683 humanarum,
379 1629 469 1687 quum
497 1610 564 1670 illas
590 1614 621 1669 et
648 1610 771 1669 evadere
799 1609 910 1669 bomini
937 1613 1098 1691 contingat,
1123 1622 1153 1676 et
1184 1601 1187 1608 ⁴

150 1707 322 1785 plerumque
343 1708 374 1767 in
395 1693 527 1769 admissis
549 1709 726 1782 delitescere,
741 1717 772 1769 et
792 1708 949 1787 aliquando
969 1716 1153 1773 contemnere

150 1826 191 1866 ex
213 1807 366 1866 voluntate
386 1808 433 1866 vel
457 1807 627 1867 necessitate
653 1807 852 1885 delinquendi,
878 1809 1039 1888 recogitata
1062 1812 1152 1873 etiam
1164 1836 1192 1885 15

149 1904 296 1964 brevItate
317 1905 455 1983 supplicii
476 1906 639 1982 cujuslibet,
662 1925 722 1965 non
743 1911 841 1965 tamen
861 1906 941 1966 ultra
961 1914 1084 1968 mortem
1107 1932 1152 1971 re-

148 2002 302 2062 mensurii
344 2004 394 2063 Sic
417 2011 447 2063 et
470 2004 617 2082 Epicurus
641 2024 753 2063 omnem
778 2004 940 2065 cruciatum
968 2007 1153 2087 doloremque

148 2100 304 2177 depretiat,
326 2102 475 2162 modicum
502 2104 621 2182 quidem
648 2103 899 2180 contemptibilem
927 2107 1151 2183 pronuntiando,

148 2219 372 2277 magnumrero
393 2222 452 2261 non
472 2202 654 2262 diuturnum.
697 2201 856 2262 Enimvero
874 2222 930 2264 nos
949 2205 1002 2281 qui
1022 2206 1075 2265 sub
1090 2207 1152 2268 Deo

148 2297 284 2358 omnium
302 2300 485 2376 spemdatore
509 2299 726 2377 dispungimur,
750 2300 859 2377 quique
883 2308 1031 2362 aeternam
1053 2305 1094 2364 ab
1117 2326 1193 2367 coro

147 2415 273 2474 poenam
292 2397 487 2474 providemus,
507 2398 614 2457 merito
635 2399 690 2459 soli
711 2398 896 2460 innocentiae
917 2402 1104 2477 occurrimus,
1120 2405 1150 2463 et'

147 2494 363 2574 pro-scientiae
382 2496 577 2575 plenitudine,
597 2503 628 2556 et
647 2519 702 2576 pro
723 2499 900 2559 latebrarum
921 2501 1101 2576 difficultate,
1119 2512 1149 2564 et

185 2667 224 2703 12.
242 2654 374 2702 Diximus
383 2656 442 2711 jam
453 2657 489 2703 de
501 2658 591 2704 Masis
603 2661 703 2705 aetate.
738 2656 784 2707 Olr.
799 2669 836 2721 19.

184 2741 223 2796 13»
241 2732 395 2786 contingat.
431 2728 557 2790 Secnma
567 2730 607 2779 clu
619 2743 650 2793 19
653 2732 729 2794 frop.

184 2810 223 2863 17.
241 2804 382 2859 Epicurus
393 2817 504 2851 omnem
515 2807 680 2854 cruciatum.
703 2805 788 2870 Oomp.
797 2805 891 2855 Seneca
899 2806 966 2871 Fpp.
977 2822 1002 2872 9,
1009 2806 1049 2870 66,
1060 2809 1149 2858 ‘dulce

146 2881 188 2925 eet
200 2873 342 2939 torqueri';
358 2875 491 2925 Lucretius
501 2877 537 2926 iii.
552 2879 600 2941 879
612 2878 639 2927 ff.
650 2895 657 2928 ε

265 2964 350 3016 ‘Scire
365 2966 428 3016 licet
444 2968 517 3017 nobis
534 2967 600 3016 nihil
617 2984 671 3018 esse
687 2969 716 3017 in
732 2974 813 3019 morte
829 2970 1002 3019 timendumt'

280 3040 336 3089 Nec
352 3042 471 3090 miserum
488 3041 551 3103 fieri,
568 3043 613 3106 qui
630 3059 682 3091 non
699 3048 738 3091 est
755 3059 840 3106 posse:
859 3060 941 3107 neque
957 3044 1039 3092 hilum

280 3113 396 3175 Differre,
415 3131 449 3164 an
466 3115 538 3164 nullo
553 3115 631 3165 fuerit
646 3117 700 3180 J'am
716 3122 829 3182 tempore
846 3124 929 3176 natus,

279 3188 417 3239 Mortalem
433 3189 514 3239 vitam
529 3206 597 3238 mors
614 3191 656 3238 cui
672 3190 823 3240 immortalis
840 3189 952 3241 ademit?

184 3285 222 3333 18.
240 3287 395 3342 depretiat:
409 3282 593 3348 ‘disregards’;
610 3301 626 3334 a
636 3286 778 3349 postolass.
789 3286 859 3335 word
867 3285 947 3334 found
953 3286 983 3333 in
990 3286 1035 3336 the
1044 3287 1147 3352 Digesta

146 3352 177 3410 in
193 3360 228 3407 its
244 3359 330 3408 literal
347 3359 517 3423 signification
524 3375 531 3419 ;
548 3360 759 3424 metaphorioclly
770 3375 797 3409 as
810 3360 879 3421 here,
892 3364 934 3408 ‘to
944 3360 1018 3410 make
1028 3361 1095 3425 light
1104 3361 1147 3422 of,’

146 3434 235 3484 Sidon.
248 3433 325 3497 Apol.
336 3434 404 3498 Epp.
417 3435 443 3483 ii.
459 3447 495 3483 ιο.

183 3521 223 3557 ao.
240 3512 367 3557 omnium
377 3511 553 3565 speculatore
564 3525 570 3556 ι
587 3508 670 3556 ‘Who
681 3508 829 3557 scrutiniaes
839 3509 875 3557 all
886 3505 990 3573 things.5

213 3584 428 3641 dispungimur:
446 3586 499 3631 ‘we
513 3582 571 3630 who
585 3598 627 3631 are
644 3579 778 3646 weighed‚'
790 3583 934 3642 estimated,
945 3582 1024 3632 taken
1041 3590 1147 3633 account

146 3656 188 3716 ⁰¹⁴3
205 3671 247 3703 see
262 3660 323 3704 note
338 3672 372 3705 on
388 3656 539 3719 dispunctio,
551 3655 589 3704 oh.
604 3657 651 3715 18;
667 3656 719 3704 and
735 3672 814 3719 comp.
833 3657 891 3706 ado,
901 3657 991 3705 <Mers
1002 3657 1036 3707 iv,
1053 3669 1092 3722 17,
1104 3658 1147 3708 ‘Sl

146 3748 164 3780 a
174 3731 301 3789 Creatore,
314 3735 345 3779 ut
356 3746 372 3779 a
381 3730 464 3794 judice
475 3734 502 3778 et
513 3730 673 3793 dispunctore
683 3728 849 3791 meritorum,’
862 3736 906 3780 cto.

183 3818 222 3854 ar.
239 3808 419 3854 occurrimus.
453 3806 539 3868 comp.
551 3805 595 3854 the
610 3821 654 3853 use
671 3803 700 3852 cl
710 3804 762 3853 this
773 3805 836 3853 verb
851 3805 879 3853 in
890 3805 934 3854 the
945 3805 1023 3870 Vulg.
1033 3806 1098 3871 Eph.
1109 3807 1143 3855 ir,

148 3891 197 3940 13;
214 3877 280 3926 Phil
294 3878 331 3926 iii.
345 3890 383 3927 11.
822 3921 825 3927 ,
1112 3913 1115 3919 .

1337 281 1351 352 l
