<?xml version="1.0" encoding="UTF-8"?>
<!DOCTYPE html PUBLIC "-//W3C//DTD XHTML 1.0 Transitional//EN"
    "http://www.w3.org/TR/xhtml1/DTD/xhtml1-transitional.dtd">
<html xmlns="http://www.w3.org/1999/xhtml" xml:lang="en" lang="en">
 <head>
  <title>
</title>
<meta http-equiv="Content-Type" content="text/html;charset=utf-8" />
  <meta name='ocr-system' content='tesseract 3.04.00' />
  <meta name='ocr-capabilities' content='ocr_page ocr_carea ocr_par ocr_line ocrx_word'/>
</head>
<body>
  <div class='ocr_page' id='page_1' title='image "./quintiseptimiif00bindgoog_0105.png"; bbox 0 0 2784 4242; ppageno 0'>
   <div class='ocr_carea' id='block_1_1' title="bbox 159 247 1164 333">
    <p class='ocr_par' dir='ltr' id='par_1_1' title="bbox 159 247 1164 333">
     <span class='ocr_line' id='line_1_1' title="bbox 159 247 1164 333; baseline -0.005 -19"><span class='ocrx_word' id='word_1_1' title='bbox 159 259 315 324; x_wconf 59' lang='lat' dir='ltr'>cmxlxt</span> <span class='ocrx_word' id='word_1_2' title='bbox 355 248 512 314; x_wconf 79' lang='lat' dir='ltr'>adversus</span> <span class='ocrx_word' id='word_1_3' title='bbox 538 249 653 314; x_wconf 81' lang='lat' dir='ltr'><em>Gentes</em></span> <span class='ocrx_word' id='word_1_4' title='bbox 668 254 732 333; x_wconf 79' lang='lat' dir='ltr'>pro</span> <span class='ocrx_word' id='word_1_5' title='bbox 758 248 966 315; x_wconf 75' lang='lat' dir='ltr'>Christianis.</span> <span class='ocrx_word' id='word_1_6' title='bbox 1122 247 1164 327; x_wconf 90' lang='lat'>69</span> 
     </span>
    </p>
   </div>
   <div class='ocr_carea' id='block_1_2' title="bbox 56 420 1207 2719">
    <p class='ocr_par' dir='ltr' id='par_1_2' title="bbox 56 420 1207 2719">
     <span class='ocr_line' id='line_1_2' title="bbox 158 420 1165 500; baseline -0.001 -19"><span class='ocrx_word' id='word_1_7' title='bbox 158 422 334 483; x_wconf 69' lang='lat' dir='ltr'>retrosiores</span> <span class='ocrx_word' id='word_1_8' title='bbox 361 421 622 500; x_wconf 87' lang='lat' dir='ltr'>deprehenduntur</span> <span class='ocrx_word' id='word_1_9' title='bbox 649 421 832 499; x_wconf 87' lang='lat' dir='ltr'>primoribus</span> <span class='ocrx_word' id='word_1_10' title='bbox 853 421 960 481; x_wconf 88' lang='lat' dir='ltr'>vestris</span> <span class='ocrx_word' id='word_1_11' title='bbox 983 420 1165 499; x_wconf 77' lang='lat' dir='ltr'>sapientibus</span> 
     </span>
     <span class='ocr_line' id='line_1_3' title="bbox 158 519 1165 599; baseline -0.004 -18"><span class='ocrx_word' id='word_1_12' title='bbox 158 528 193 581; x_wconf 85' lang='lat' dir='ltr'>et</span> <span class='ocrx_word' id='word_1_13' title='bbox 214 520 345 599; x_wconf 81' lang='lat' dir='ltr'>legiferis</span> <span class='ocrx_word' id='word_1_14' title='bbox 371 527 402 585; x_wconf 91' lang='lat' dir='ltr'>et</span> <span class='ocrx_word' id='word_1_15' title='bbox 429 519 586 586; x_wconf 78' lang='lat' dir='ltr'>historicis.</span> <span class='ocrx_word' id='word_1_16' title='bbox 628 521 711 579; x_wconf 91' lang='lat' dir='ltr'>Haec</span> <span class='ocrx_word' id='word_1_17' title='bbox 735 519 841 597; x_wconf 89' lang='lat' dir='ltr'>quibus</span> <span class='ocrx_word' id='word_1_18' title='bbox 869 519 1021 579; x_wconf 86' lang='lat' dir='ltr'>ordinibus</span> <span class='ocrx_word' id='word_1_19' title='bbox 1045 519 1165 597; x_wconf 85' lang='lat' dir='ltr'>probari</span> 
     </span>
     <span class='ocr_line' id='line_1_4' title="bbox 157 618 1163 699; baseline -0.001 -20"><span class='ocrx_word' id='word_1_20' title='bbox 157 621 284 699; x_wconf 80' lang='lat' dir='ltr'>possint,</span> <span class='ocrx_word' id='word_1_21' title='bbox 298 641 358 678; x_wconf 92' lang='lat' dir='ltr'>non</span> <span class='ocrx_word' id='word_1_22' title='bbox 378 624 439 678; x_wconf 90' lang='lat' dir='ltr'>tam</span> <span class='ocrx_word' id='word_1_23' title='bbox 456 618 574 678; x_wconf 88' lang='lat' dir='ltr'>difficile</span> <span class='ocrx_word' id='word_1_24' title='bbox 594 624 641 678; x_wconf 88' lang='lat' dir='ltr'>est</span> <span class='ocrx_word' id='word_1_25' title='bbox 659 618 745 678; x_wconf 88' lang='lat' dir='ltr'>nobis</span> <span class='ocrx_word' id='word_1_26' title='bbox 765 639 918 696; x_wconf 86' lang='lat' dir='ltr'>exponere,</span> <span class='ocrx_word' id='word_1_27' title='bbox 928 638 1018 695; x_wconf 87' lang='lat' dir='ltr'>quam</span> <span class='ocrx_word' id='word_1_28' title='bbox 1039 637 1163 690; x_wconf 81' lang='lat' dir='ltr'>enorme,</span> 
     </span>
     <span class='ocr_line' id='line_1_5' title="bbox 157 716 1165 794; baseline -0.002 -16"><span class='ocrx_word' id='word_1_29' title='bbox 157 739 217 778; x_wconf 88' lang='lat' dir='ltr'>nec</span> <span class='ocrx_word' id='word_1_30' title='bbox 230 719 365 791; x_wconf 89' lang='lat' dir='ltr'>arduum,</span> <span class='ocrx_word' id='word_1_31' title='bbox 381 718 433 777; x_wconf 91' lang='lat' dir='ltr'>sed</span> <span class='ocrx_word' id='word_1_32' title='bbox 446 717 566 777; x_wconf 90' lang='lat' dir='ltr'>interim</span> <span class='ocrx_word' id='word_1_33' title='bbox 579 717 710 794; x_wconf 85' lang='lat' dir='ltr'>longum.</span> <span class='ocrx_word' id='word_1_34' title='bbox 753 717 859 776; x_wconf 89' lang='lat' dir='ltr'>Multis</span> <span class='ocrx_word' id='word_1_35' title='bbox 873 716 1085 791; x_wconf 78' lang='lat' dir='ltr'>instrumentis,</span> <span class='ocrx_word' id='word_1_36' title='bbox 1097 738 1165 777; x_wconf 90' lang='lat' dir='ltr'>eum</span> 
     </span>
     <span class='ocr_line' id='line_1_6' title="bbox 158 815 1188 896; baseline -0.004 -19"><span class='ocrx_word' id='word_1_37' title='bbox 158 817 322 896; x_wconf 86' lang='lat' dir='ltr'>digitorum</span> <span class='ocrx_word' id='word_1_38' title='bbox 335 815 683 895; x_wconf 56' lang='lat' dir='ltr'>suppuffinisgesticulis</span> <span class='ocrx_word' id='word_1_39' title='bbox 699 815 888 883; x_wconf 85' lang='lat' dir='ltr'>assidendum</span> <span class='ocrx_word' id='word_1_40' title='bbox 901 822 956 877; x_wconf 88' lang='lat' dir='ltr'>ast.</span> <span class='ocrx_word' id='word_1_41' title='bbox 998 816 1188 889; x_wconf 69' lang='lat' dir='ltr'>Reserandas</span> 
     </span>
     <span class='ocr_line' id='line_1_7' title="bbox 158 897 1163 993; baseline -0.002 -18"><span class='ocrx_word' id='word_1_42' title='bbox 158 897 434 992; x_wconf 65' lang='lat' dir='ltr'>antiquissimarum</span> <span class='ocrx_word' id='word_1_43' title='bbox 448 915 537 974; x_wconf 89' lang='lat' dir='ltr'>etiam</span> <span class='ocrx_word' id='word_1_44' title='bbox 554 914 689 992; x_wconf 87' lang='lat' dir='ltr'>gentium</span> <span class='ocrx_word' id='word_1_45' title='bbox 696 914 824 987; x_wconf 87' lang='lat' dir='ltr'>archiva,</span> <span class='ocrx_word' id='word_1_46' title='bbox 840 914 1065 993; x_wconf 82' lang='lat' dir='ltr'>Aegyptiorum,</span> <span class='ocrx_word' id='word_1_47' title='bbox 1076 914 1163 976; x_wconf 85' lang='lat' dir='ltr'>Ohal·</span> 
     </span>
     <span class='ocr_line' id='line_1_8' title="bbox 157 1009 1164 1091; baseline 0.002 -18"><span class='ocrx_word' id='word_1_48' title='bbox 157 1009 318 1085; x_wconf 73' lang='lat' dir='ltr'>daeorum,</span> <span class='ocrx_word' id='word_1_49' title='bbox 334 1013 532 1087; x_wconf 64' lang='lat' dir='ltr'>Phoenicum</span> <span class='ocrx_word' id='word_1_50' title='bbox 563 1011 726 1072; x_wconf 82' lang='lat' dir='ltr'>advocahdi</span> <span class='ocrx_word' id='word_1_51' title='bbox 750 1012 839 1072; x_wconf 89' lang='lat' dir='ltr'>etiam</span> <span class='ocrx_word' id='word_1_52' title='bbox 862 1013 1026 1091; x_wconf 77' lang='lat' dir='ltr'>municipes</span> <span class='ocrx_word' id='word_1_53' title='bbox 1053 1034 1164 1087; x_wconf 87' lang='lat' dir='ltr'>eorum,</span> 
     </span>
     <span class='ocr_line' id='line_1_9' title="bbox 157 1103 1165 1191; baseline 0 -20"><span class='ocrx_word' id='word_1_54' title='bbox 157 1132 215 1191; x_wconf 89' lang='lat' dir='ltr'>per</span> <span class='ocrx_word' id='word_1_55' title='bbox 249 1132 321 1189; x_wconf 92' lang='lat' dir='ltr'>quos</span> <span class='ocrx_word' id='word_1_56' title='bbox 354 1111 463 1171; x_wconf 85' lang='lat' dir='ltr'>notitia</span> <span class='ocrx_word' id='word_1_57' title='bbox 504 1103 729 1171; x_wconf 77' lang='lat' dir='ltr'>subministrata</span> <span class='ocrx_word' id='word_1_58' title='bbox 767 1115 829 1184; x_wconf 82' lang='lat' dir='ltr'>est3</span> <span class='ocrx_word' id='word_1_59' title='bbox 872 1111 967 1190; x_wconf 77' lang='lat' dir='ltr'>aliqui</span> <span class='ocrx_word' id='word_1_60' title='bbox 1001 1111 1165 1172; x_wconf 82' lang='lat' dir='ltr'>Manethon</span> 
     </span>
     <span class='ocr_line' id='line_1_10' title="bbox 158 1209 1165 1289; baseline 0 -19"><span class='ocrx_word' id='word_1_61' title='bbox 158 1211 336 1289; x_wconf 83' lang='lat' dir='ltr'>Aegyptius,</span> <span class='ocrx_word' id='word_1_62' title='bbox 356 1218 387 1270; x_wconf 88' lang='lat' dir='ltr'>et</span> <span class='ocrx_word' id='word_1_63' title='bbox 415 1209 541 1269; x_wconf 85' lang='lat' dir='ltr'>Berosus</span> <span class='ocrx_word' id='word_1_64' title='bbox 568 1210 741 1284; x_wconf 80' lang='lat' dir='ltr'>Chaldaeus,</span> <span class='ocrx_word' id='word_1_65' title='bbox 765 1211 816 1269; x_wconf 88' lang='lat' dir='ltr'>sed</span> <span class='ocrx_word' id='word_1_66' title='bbox 844 1217 874 1269; x_wconf 90' lang='lat' dir='ltr'>et</span> <span class='ocrx_word' id='word_1_67' title='bbox 898 1210 1014 1271; x_wconf 88' lang='lat' dir='ltr'>Iromus</span> <span class='ocrx_word' id='word_1_68' title='bbox 1033 1210 1165 1270; x_wconf 87' lang='lat' dir='ltr'>Phoenix</span> 
     </span>
     <span class='ocr_line' id='line_1_11' title="bbox 157 1307 1207 1388; baseline 0.006 -21"><span class='ocrx_word' id='word_1_69' title='bbox 157 1310 235 1388; x_wconf 78' lang='lat' dir='ltr'>Tyri</span> <span class='ocrx_word' id='word_1_70' title='bbox 255 1328 325 1382; x_wconf 86' lang='lat' dir='ltr'>rex;</span> <span class='ocrx_word' id='word_1_71' title='bbox 348 1314 506 1370; x_wconf 78' lang='lat' dir='ltr'>sectatores</span> <span class='ocrx_word' id='word_1_72' title='bbox 520 1329 635 1386; x_wconf 90' lang='lat' dir='ltr'>quoque</span> <span class='ocrx_word' id='word_1_73' title='bbox 656 1328 758 1367; x_wconf 89' lang='lat' dir='ltr'>eorum</span> <span class='ocrx_word' id='word_1_74' title='bbox 779 1308 947 1369; x_wconf 89' lang='lat' dir='ltr'>Mendesius</span> <span class='ocrx_word' id='word_1_75' title='bbox 967 1307 1163 1383; x_wconf 87' lang='lat' dir='ltr'>Ptolemaeus,</span> <span class='ocrx_word' id='word_1_76' title='bbox 1175 1337 1207 1372; x_wconf 87' lang='lat'>10</span> 
     </span>
     <span class='ocr_line' id='line_1_12' title="bbox 158 1406 1163 1485; baseline 0 -18"><span class='ocrx_word' id='word_1_77' title='bbox 158 1415 191 1468; x_wconf 88' lang='lat' dir='ltr'>et</span> <span class='ocrx_word' id='word_1_78' title='bbox 207 1408 368 1467; x_wconf 82' lang='lat' dir='ltr'>Menander</span> <span class='ocrx_word' id='word_1_79' title='bbox 381 1406 536 1485; x_wconf 85' lang='lat' dir='ltr'>Ephesius,</span> <span class='ocrx_word' id='word_1_80' title='bbox 551 1412 583 1467; x_wconf 93' lang='lat' dir='ltr'>et</span> <span class='ocrx_word' id='word_1_81' title='bbox 599 1406 768 1466; x_wconf 89' lang='lat' dir='ltr'>Demetrius</span> <span class='ocrx_word' id='word_1_82' title='bbox 783 1407 951 1481; x_wconf 87' lang='lat' dir='ltr'>Phalereus,</span> <span class='ocrx_word' id='word_1_83' title='bbox 960 1413 994 1467; x_wconf 89' lang='lat' dir='ltr'>et</span> <span class='ocrx_word' id='word_1_84' title='bbox 1008 1428 1063 1467; x_wconf 87' lang='lat' dir='ltr'>rex</span> <span class='ocrx_word' id='word_1_85' title='bbox 1073 1408 1092 1467; x_wconf 91' lang='lat' dir='ltr'><strong>J</strong></span> <span class='ocrx_word' id='word_1_86' title='bbox 1095 1408 1163 1479; x_wconf 91' lang='lat' dir='ltr'>uba,</span> 
     </span>
     <span class='ocr_line' id='line_1_13' title="bbox 158 1504 1163 1584; baseline -0.001 -19"><span class='ocrx_word' id='word_1_87' title='bbox 158 1513 191 1566; x_wconf 88' lang='lat' dir='ltr'>et</span> <span class='ocrx_word' id='word_1_88' title='bbox 205 1505 335 1584; x_wconf 90' lang='lat' dir='ltr'>Appion,</span> <span class='ocrx_word' id='word_1_89' title='bbox 349 1510 381 1564; x_wconf 90' lang='lat' dir='ltr'>et</span> <span class='ocrx_word' id='word_1_90' title='bbox 401 1505 531 1579; x_wconf 79' lang='lat' dir='ltr'>Thallus,</span> <span class='ocrx_word' id='word_1_91' title='bbox 546 1511 578 1564; x_wconf 89' lang='lat' dir='ltr'>et</span> <span class='ocrx_word' id='word_1_92' title='bbox 598 1504 651 1582; x_wconf 90' lang='lat' dir='ltr'>qui</span> <span class='ocrx_word' id='word_1_93' title='bbox 668 1504 741 1565; x_wconf 86' lang='lat' dir='ltr'>istos</span> <span class='ocrx_word' id='word_1_94' title='bbox 762 1513 816 1565; x_wconf 88' lang='lat' dir='ltr'>aut</span> <span class='ocrx_word' id='word_1_95' title='bbox 836 1505 942 1583; x_wconf 90' lang='lat' dir='ltr'>probat</span> <span class='ocrx_word' id='word_1_96' title='bbox 961 1512 1014 1566; x_wconf 89' lang='lat' dir='ltr'>aut</span> <span class='ocrx_word' id='word_1_97' title='bbox 1030 1505 1163 1577; x_wconf 85' lang='lat' dir='ltr'>revincit,</span> 
     </span>
     <span class='ocr_line' id='line_1_14' title="bbox 156 1602 1163 1683; baseline -0.001 -20"><span class='ocrx_word' id='word_1_98' title='bbox 156 1605 293 1663; x_wconf 88' lang='lat' dir='ltr'>Judaous</span> <span class='ocrx_word' id='word_1_99' title='bbox 300 1605 320 1663; x_wconf 90' lang='lat' dir='ltr'><strong>J</strong></span> <span class='ocrx_word' id='word_1_100' title='bbox 322 1605 446 1682; x_wconf 87' lang='lat' dir='ltr'>osephus</span> <span class='ocrx_word' id='word_1_101' title='bbox 455 1602 1163 1683; x_wconf 82' lang='lat' dir='ltr'>antiquitatumJudaicarumvernaculusvindex.</span> 
     </span>
     <span class='ocr_line' id='line_1_15' title="bbox 158 1702 1166 1782; baseline -0.001 -19"><span class='ocrx_word' id='word_1_102' title='bbox 158 1704 339 1763; x_wconf 84' lang='lat' dir='ltr'>Graecorum</span> <span class='ocrx_word' id='word_1_103' title='bbox 360 1703 449 1763; x_wconf 89' lang='lat' dir='ltr'>etiam</span> <span class='ocrx_word' id='word_1_104' title='bbox 466 1703 616 1763; x_wconf 86' lang='lat' dir='ltr'>censuales</span> <span class='ocrx_word' id='word_1_105' title='bbox 630 1702 807 1775; x_wconf 88' lang='lat' dir='ltr'>conferendi,</span> <span class='ocrx_word' id='word_1_106' title='bbox 822 1710 852 1763; x_wconf 90' lang='lat' dir='ltr'>et</span> <span class='ocrx_word' id='word_1_107' title='bbox 870 1724 944 1781; x_wconf 87' lang='lat' dir='ltr'>quae</span> <span class='ocrx_word' id='word_1_108' title='bbox 963 1702 1079 1782; x_wconf 89' lang='lat' dir='ltr'>quando</span> <span class='ocrx_word' id='word_1_109' title='bbox 1105 1702 1166 1762; x_wconf 92' lang='lat' dir='ltr'>sint</span> 
     </span>
     <span class='ocr_line' id='line_1_16' title="bbox 157 1801 1204 1880; baseline 0.003 -19"><span class='ocrx_word' id='word_1_110' title='bbox 157 1807 253 1878; x_wconf 86' lang='lat' dir='ltr'>gesta,</span> <span class='ocrx_word' id='word_1_111' title='bbox 275 1808 311 1860; x_wconf 89' lang='lat' dir='ltr'>ut</span> <span class='ocrx_word' id='word_1_112' title='bbox 332 1801 585 1861; x_wconf 88' lang='lat' dir='ltr'>concatenationes</span> <span class='ocrx_word' id='word_1_113' title='bbox 609 1805 775 1878; x_wconf 89' lang='lat' dir='ltr'>temporum</span> <span class='ocrx_word' id='word_1_114' title='bbox 802 1802 982 1878; x_wconf 84' lang='lat' dir='ltr'>aperiantur,</span> <span class='ocrx_word' id='word_1_115' title='bbox 1006 1822 1060 1880; x_wconf 89' lang='lat' dir='ltr'>per</span> <span class='ocrx_word' id='word_1_116' title='bbox 1088 1820 1163 1879; x_wconf 87' lang='lat' dir='ltr'>quae</span> <span class='ocrx_word' id='word_1_117' title='bbox 1174 1827 1204 1880; x_wconf 81' lang='lat'>15</span> 
     </span>
     <span class='ocr_line' id='line_1_17' title="bbox 156 1898 1163 1976; baseline 0.002 -18"><span class='ocrx_word' id='word_1_118' title='bbox 156 1901 276 1960; x_wconf 91' lang='lat' dir='ltr'>luceant</span> <span class='ocrx_word' id='word_1_119' title='bbox 297 1900 447 1970; x_wconf 78' lang='lat' dir='ltr'>annalium</span> <span class='ocrx_word' id='word_1_120' title='bbox 466 1899 590 1960; x_wconf 89' lang='lat' dir='ltr'>numeri.</span> <span class='ocrx_word' id='word_1_121' title='bbox 633 1898 885 1976; x_wconf 87' lang='lat' dir='ltr'>Peregrinandum</span> <span class='ocrx_word' id='word_1_122' title='bbox 904 1899 1004 1960; x_wconf 86' lang='lat' dir='ltr'>estin</span> <span class='ocrx_word' id='word_1_123' title='bbox 1026 1900 1163 1960; x_wconf 88' lang='lat' dir='ltr'>historias</span> 
     </span>
     <span class='ocr_line' id='line_1_18' title="bbox 149 1991 1164 2079; baseline 0.001 -21"><span class='ocrx_word' id='word_1_124' title='bbox 149 2004 191 2058; x_wconf 85' lang='lat' dir='ltr'>’et</span> <span class='ocrx_word' id='word_1_125' title='bbox 212 1997 327 2057; x_wconf 88' lang='lat' dir='ltr'>litteras</span> <span class='ocrx_word' id='word_1_126' title='bbox 350 1998 439 2058; x_wconf 87' lang='lat' dir='ltr'>orbis.</span> <span class='ocrx_word' id='word_1_127' title='bbox 459 1991 523 2079; x_wconf 37' lang='lat' dir='ltr'>&amp;Et</span> <span class='ocrx_word' id='word_1_128' title='bbox 544 2003 643 2057; x_wconf 57' lang='lat' dir='ltr'>emen</span> <span class='ocrx_word' id='word_1_129' title='bbox 663 1998 882 2075; x_wconf 75' lang='lat' dir='ltr'>qussi&#39;partem</span> <span class='ocrx_word' id='word_1_130' title='bbox 898 1999 961 2077; x_wconf 86' lang='lat' dir='ltr'>jam</span> <span class='ocrx_word' id='word_1_131' title='bbox 982 1998 1164 2077; x_wconf 85' lang='lat' dir='ltr'>probationis</span> 
     </span>
     <span class='ocr_line' id='line_1_19' title="bbox 155 2084 1164 2179; baseline 0.003 -24"><span class='ocrx_word' id='word_1_132' title='bbox 155 2096 323 2169; x_wconf 86' lang='lat' dir='ltr'>intulimus,</span> <span class='ocrx_word' id='word_1_133' title='bbox 332 2116 423 2179; x_wconf 87' lang='lat' dir='ltr'>quum</span> <span class='ocrx_word' id='word_1_134' title='bbox 436 2117 490 2175; x_wconf 91' lang='lat' dir='ltr'>per</span> <span class='ocrx_word' id='word_1_135' title='bbox 503 2116 578 2173; x_wconf 87' lang='lat' dir='ltr'>quae</span> <span class='ocrx_word' id='word_1_136' title='bbox 591 2095 709 2173; x_wconf 88' lang='lat' dir='ltr'>probari</span> <span class='ocrx_word' id='word_1_137' title='bbox 720 2096 841 2174; x_wconf 89' lang='lat' dir='ltr'>possint,</span> <span class='ocrx_word' id='word_1_138' title='bbox 850 2084 1039 2175; x_wconf 81' lang='lat' dir='ltr'>aspersimus.</span> <span class='ocrx_word' id='word_1_139' title='bbox 1052 2098 1164 2158; x_wconf 88' lang='lat' dir='ltr'>Verum</span> 
     </span>
     <span class='ocr_line' id='line_1_20' title="bbox 156 2186 1163 2273; baseline 0.002 -20"><span class='ocrx_word' id='word_1_140' title='bbox 156 2186 278 2254; x_wconf 74' lang='lat' dir='ltr'>differre</span> <span class='ocrx_word' id='word_1_141' title='bbox 297 2201 438 2273; x_wconf 84' lang='lat' dir='ltr'>praestat,</span> <span class='ocrx_word' id='word_1_142' title='bbox 460 2195 558 2265; x_wconf 75' lang='lat' dir='ltr'>nevel</span> <span class='ocrx_word' id='word_1_143' title='bbox 579 2193 676 2254; x_wconf 88' lang='lat' dir='ltr'>minus</span> <span class='ocrx_word' id='word_1_144' title='bbox 697 2214 907 2273; x_wconf 84' lang='lat' dir='ltr'>persequemur</span> <span class='ocrx_word' id='word_1_145' title='bbox 927 2196 1101 2269; x_wconf 84' lang='lat' dir='ltr'>festinando,</span> <span class='ocrx_word' id='word_1_146' title='bbox 1115 2198 1163 2258; x_wconf 88' lang='lat' dir='ltr'>vel</span> 
     </span>
     <span class='ocr_line' id='line_1_21' title="bbox 56 2270 1205 2378; baseline 0.004 -27"><span class='ocrx_word' id='word_1_147' title='bbox 56 2289 64 2306; x_wconf 59' lang='lat'>⁸</span> <span class='ocrx_word' id='word_1_148' title='bbox 156 2270 443 2378; x_wconf 55' lang='lat' dir='ltr'>diutiusevbgMffi</span> <span class='ocrx_word' id='word_1_149' title='bbox 455 2292 664 2371; x_wconf 85' lang='lat' dir='ltr'>persequendo.</span> <span class='ocrx_word' id='word_1_150' title='bbox 1173 2320 1205 2356; x_wconf 64' lang='grc' dir='ltr'>πο</span> 
     </span>
     <span class='ocr_line' id='line_1_22' title="bbox 195 2429 1160 2498; baseline 0.001 -16"><span class='ocrx_word' id='word_1_151' title='bbox 195 2447 217 2482; x_wconf 82' lang='lat'>2.</span> <span class='ocrx_word' id='word_1_152' title='bbox 234 2435 393 2483; x_wconf 75' lang='lat' dir='ltr'>historicis:</span> <span class='ocrx_word' id='word_1_153' title='bbox 412 2429 593 2491; x_wconf 80' lang='lat' dir='ltr'>‘historiam’;</span> <span class='ocrx_word' id='word_1_154' title='bbox 609 2448 637 2482; x_wconf 87' lang='lat' dir='ltr'>so</span> <span class='ocrx_word' id='word_1_155' title='bbox 652 2433 740 2483; x_wconf 81' lang='lat' dir='ltr'>Cicero</span> <span class='ocrx_word' id='word_1_156' title='bbox 751 2448 808 2483; x_wconf 88' lang='lat' dir='ltr'>uses</span> <span class='ocrx_word' id='word_1_157' title='bbox 821 2434 866 2483; x_wconf 85' lang='lat' dir='ltr'>the</span> <span class='ocrx_word' id='word_1_158' title='bbox 876 2433 946 2484; x_wconf 86' lang='lat' dir='ltr'>word</span> <span class='ocrx_word' id='word_1_159' title='bbox 960 2434 1057 2498; x_wconf 73' lang='lat' dir='ltr'>Topica</span> <span class='ocrx_word' id='word_1_160' title='bbox 1070 2449 1109 2485; x_wconf 80' lang='lat' dir='ltr'>ao.</span> <span class='ocrx_word' id='word_1_161' title='bbox 1121 2436 1160 2498; x_wconf 83' lang='lat'>78,</span> 
     </span>
     <span class='ocr_line' id='line_1_23' title="bbox 156 2507 1161 2572; baseline 0.002 -16"><span class='ocrx_word' id='word_1_162' title='bbox 156 2513 164 2535; x_wconf 88' lang='lat'>‘</span> <span class='ocrx_word' id='word_1_163' title='bbox 175 2511 288 2556; x_wconf 85' lang='lat' dir='ltr'>oratores</span> <span class='ocrx_word' id='word_1_164' title='bbox 300 2512 326 2557; x_wconf 88' lang='lat' dir='ltr'>et</span> <span class='ocrx_word' id='word_1_165' title='bbox 336 2507 497 2572; x_wconf 82' lang='lat' dir='ltr'>philosophos</span> <span class='ocrx_word' id='word_1_166' title='bbox 509 2513 535 2558; x_wconf 91' lang='lat' dir='ltr'>et</span> <span class='ocrx_word' id='word_1_167' title='bbox 545 2513 634 2572; x_wconf 85' lang='lat' dir='ltr'>poetas</span> <span class='ocrx_word' id='word_1_168' title='bbox 645 2512 672 2557; x_wconf 83' lang='lat' dir='ltr'>et</span> <span class='ocrx_word' id='word_1_169' title='bbox 683 2507 832 2569; x_wconf 86' lang='lat' dir='ltr'>historicos;</span> <span class='ocrx_word' id='word_1_170' title='bbox 848 2524 879 2557; x_wconf 86' lang='lat' dir='ltr'>ox</span> <span class='ocrx_word' id='word_1_171' title='bbox 890 2524 999 2572; x_wconf 90' lang='lat' dir='ltr'>quorum</span> <span class='ocrx_word' id='word_1_172' title='bbox 1010 2515 1036 2560; x_wconf 92' lang='lat' dir='ltr'>et</span> <span class='ocrx_word' id='word_1_173' title='bbox 1048 2510 1123 2559; x_wconf 88' lang='lat' dir='ltr'>dictis</span> <span class='ocrx_word' id='word_1_174' title='bbox 1135 2515 1161 2559; x_wconf 89' lang='lat' dir='ltr'>et</span> 
     </span>
     <span class='ocr_line' id='line_1_24' title="bbox 155 2581 1161 2647; baseline 0.002 -15"><span class='ocrx_word' id='word_1_175' title='bbox 155 2582 260 2645; x_wconf 82' lang='lat' dir='ltr'>scriptis</span> <span class='ocrx_word' id='word_1_176' title='bbox 277 2598 350 2645; x_wconf 86' lang='lat' dir='ltr'>saepe</span> <span class='ocrx_word' id='word_1_177' title='bbox 366 2582 526 2632; x_wconf 86' lang='lat' dir='ltr'>auctoritatis</span> <span class='ocrx_word' id='word_1_178' title='bbox 542 2583 639 2647; x_wconf 88' lang='lat' dir='ltr'>petitur</span> <span class='ocrx_word' id='word_1_179' title='bbox 654 2583 688 2632; x_wconf 82' lang='lat' dir='ltr'>nd</span> <span class='ocrx_word' id='word_1_180' title='bbox 704 2581 846 2634; x_wconf 82' lang='lat' dir='ltr'>faciendam</span> <span class='ocrx_word' id='word_1_181' title='bbox 861 2581 969 2645; x_wconf 86' lang='lat' dir='ltr'>fidem’;</span> <span class='ocrx_word' id='word_1_182' title='bbox 985 2584 1037 2633; x_wconf 88' lang='lat' dir='ltr'>and</span> <span class='ocrx_word' id='word_1_183' title='bbox 1046 2585 1161 2635; x_wconf 83' lang='lat' dir='ltr'>Juvenal</span> 
     </span>
     <span class='ocr_line' id='line_1_25' title="bbox 155 2656 478 2719; baseline 0 -14"><span class='ocrx_word' id='word_1_184' title='bbox 155 2656 204 2706; x_wconf 83' lang='lat' dir='ltr'>vii.</span> <span class='ocrx_word' id='word_1_185' title='bbox 218 2669 272 2719; x_wconf 80' lang='lat'>104.</span> <span class='ocrx_word' id='word_1_186' title='bbox 473 2676 478 2686; x_wconf 65' lang='lat'><strong><em>¹</em></strong></span> 
     </span>
    </p>
   </div>
   <div class='ocr_carea' id='block_1_3' title="bbox 156 2731 1161 3911">
    <p class='ocr_par' dir='ltr' id='par_1_3' title="bbox 157 2731 1160 2870">
     <span class='ocr_line' id='line_1_26' title="bbox 192 2731 1160 2792; baseline 0.004 -14"><span class='ocrx_word' id='word_1_187' title='bbox 192 2744 217 2792; x_wconf 73' lang='lat'>4</span> <span class='ocrx_word' id='word_1_188' title='bbox 234 2732 337 2779; x_wconf 79' lang='lat' dir='ltr'>Multis</span> <span class='ocrx_word' id='word_1_189' title='bbox 348 2731 547 2779; x_wconf 85' lang='lat' dir='ltr'>instrumentis</span> <span class='ocrx_word' id='word_1_190' title='bbox 560 2767 567 2779; x_wconf 92' lang='lat'>.</span> <span class='ocrx_word' id='word_1_191' title='bbox 580 2733 803 2780; x_wconf 83' lang='lat' dir='ltr'>..assidendum</span> <span class='ocrx_word' id='word_1_192' title='bbox 819 2736 871 2781; x_wconf 84' lang='lat' dir='ltr'>est.</span> <span class='ocrx_word' id='word_1_193' title='bbox 905 2732 969 2780; x_wconf 85' lang='lat' dir='ltr'>‘We</span> <span class='ocrx_word' id='word_1_194' title='bbox 984 2739 1053 2781; x_wconf 88' lang='lat' dir='ltr'>must</span> <span class='ocrx_word' id='word_1_195' title='bbox 1068 2731 1160 2782; x_wconf 86' lang='lat' dir='ltr'>betake</span> 
     </span>
     <span class='ocr_line' id='line_1_27' title="bbox 157 2803 967 2870; baseline 0 -15"><span class='ocrx_word' id='word_1_196' title='bbox 157 2806 288 2855; x_wconf 88' lang='lat' dir='ltr'>ourselves</span> <span class='ocrx_word' id='word_1_197' title='bbox 299 2811 327 2854; x_wconf 90' lang='lat' dir='ltr'>to</span> <span class='ocrx_word' id='word_1_198' title='bbox 337 2820 414 2870; x_wconf 80' lang='lat' dir='ltr'>many</span> <span class='ocrx_word' id='word_1_199' title='bbox 425 2804 573 2854; x_wconf 77' lang='lat' dir='ltr'>documenta</span> <span class='ocrx_word' id='word_1_200' title='bbox 583 2803 646 2854; x_wconf 85' lang='lat' dir='ltr'>with</span> <span class='ocrx_word' id='word_1_201' title='bbox 657 2805 776 2855; x_wconf 85' lang='lat' dir='ltr'>intricate</span> <span class='ocrx_word' id='word_1_202' title='bbox 787 2803 967 2855; x_wconf 71' lang='lat' dir='ltr'>cuouauons?</span> 
     </span>
    </p>

    <p class='ocr_par' dir='ltr' id='par_1_4' title="bbox 157 2877 1161 3017">
     <span class='ocr_line' id='line_1_28' title="bbox 193 2877 1161 2943; baseline 0.003 -16"><span class='ocrx_word' id='word_1_203' title='bbox 193 2878 217 2928; x_wconf 87' lang='lat'>6.</span> <span class='ocrx_word' id='word_1_204' title='bbox 236 2882 359 2929; x_wconf 78' lang='lat' dir='ltr'>archiva.</span> <span class='ocrx_word' id='word_1_205' title='bbox 399 2879 426 2927; x_wconf 89' lang='lat' dir='ltr'>A</span> <span class='ocrx_word' id='word_1_206' title='bbox 453 2879 594 2943; x_wconf 75' lang='lat' dir='ltr'>post-class.</span> <span class='ocrx_word' id='word_1_207' title='bbox 614 2877 749 2929; x_wconf 76' lang='lat' dir='ltr'>word=rd</span> <span class='ocrx_word' id='word_1_208' title='bbox 771 2879 867 2941; x_wconf 79' lang='grc' dir='ltr'>ἀρχεῖα,</span> <span class='ocrx_word' id='word_1_209' title='bbox 889 2880 951 2930; x_wconf 86' lang='lat' dir='ltr'>‘the</span> <span class='ocrx_word' id='word_1_210' title='bbox 979 2878 1111 2942; x_wconf 86' lang='lat' dir='ltr'>archives,&#39;</span> <span class='ocrx_word' id='word_1_211' title='bbox 1132 2897 1161 2930; x_wconf 86' lang='lat' dir='ltr'>or</span> 
     </span>
     <span class='ocr_line' id='line_1_29' title="bbox 157 2950 968 3017; baseline -0.002 -14"><span class='ocrx_word' id='word_1_212' title='bbox 157 2957 244 3003; x_wconf 83' lang='lat' dir='ltr'>‘state</span> <span class='ocrx_word' id='word_1_213' title='bbox 253 2968 344 3016; x_wconf 85' lang='lat' dir='ltr'>papers</span> <span class='ocrx_word' id='word_1_214' title='bbox 352 2950 375 3012; x_wconf 90' lang='lat'>&#39;;</span> <span class='ocrx_word' id='word_1_215' title='bbox 389 2953 487 3002; x_wconf 82' lang='lat' dir='ltr'>termed</span> <span class='ocrx_word' id='word_1_216' title='bbox 498 2953 685 3002; x_wconf 85' lang='lat' dir='ltr'>‘instrumenta</span> <span class='ocrx_word' id='word_1_217' title='bbox 697 2951 815 3017; x_wconf 86' lang='lat' dir='ltr'>imperii,’</span> <span class='ocrx_word' id='word_1_218' title='bbox 825 2952 916 3017; x_wconf 76' lang='lat' dir='ltr'>Scorp.</span> <span class='ocrx_word' id='word_1_219' title='bbox 931 2967 968 3016; x_wconf 87' lang='lat'>15.</span> 
     </span>
    </p>

    <p class='ocr_par' dir='ltr' id='par_1_5' title="bbox 156 3028 1161 3313">
     <span class='ocr_line' id='line_1_30' title="bbox 194 3028 1160 3090; baseline 0 -13"><span class='ocrx_word' id='word_1_220' title='bbox 194 3037 217 3090; x_wconf 82' lang='lat'>7.</span> <span class='ocrx_word' id='word_1_221' title='bbox 235 3030 393 3077; x_wconf 77' lang='lat' dir='ltr'>advocandi</span> <span class='ocrx_word' id='word_1_222' title='bbox 410 3029 496 3074; x_wconf 86' lang='lat' dir='ltr'>etiam</span> <span class='ocrx_word' id='word_1_223' title='bbox 512 3028 670 3084; x_wconf 82' lang='lat' dir='ltr'>municipes</span> <span class='ocrx_word' id='word_1_224' title='bbox 688 3042 794 3077; x_wconf 86' lang='lat' dir='ltr'>eornm.</span> <span class='ocrx_word' id='word_1_225' title='bbox 836 3028 900 3075; x_wconf 85' lang='lat' dir='ltr'>‘We</span> <span class='ocrx_word' id='word_1_226' title='bbox 915 3032 984 3076; x_wconf 86' lang='lat' dir='ltr'>must</span> <span class='ocrx_word' id='word_1_227' title='bbox 1000 3042 1116 3076; x_wconf 89' lang='lat' dir='ltr'>summon</span> <span class='ocrx_word' id='word_1_228' title='bbox 1132 3033 1160 3077; x_wconf 89' lang='lat' dir='ltr'>tc</span> 
     </span>
     <span class='ocr_line' id='line_1_31' title="bbox 157 3100 1161 3167; baseline 0 -16"><span class='ocrx_word' id='word_1_229' title='bbox 157 3118 206 3151; x_wconf 89' lang='lat' dir='ltr'>our</span> <span class='ocrx_word' id='word_1_230' title='bbox 223 3100 267 3149; x_wconf 88' lang='lat' dir='ltr'>aid</span> <span class='ocrx_word' id='word_1_231' title='bbox 286 3101 331 3150; x_wconf 89' lang='lat' dir='ltr'>the</span> <span class='ocrx_word' id='word_1_232' title='bbox 350 3100 612 3165; x_wconf 79' lang='lat' dir='ltr'>lellow-countrymeu</span> <span class='ocrx_word' id='word_1_233' title='bbox 631 3100 660 3149; x_wconf 84' lang='lat' dir='ltr'>of</span> <span class='ocrx_word' id='word_1_234' title='bbox 675 3100 747 3164; x_wconf 80' lang='lat' dir='ltr'>those</span> <span class='ocrx_word' id='word_1_235' title='bbox 766 3102 831 3149; x_wconf 81' lang='lat' dir='ltr'>from</span> <span class='ocrx_word' id='word_1_236' title='bbox 848 3101 931 3151; x_wconf 82' lang='lat' dir='ltr'>whom</span> <span class='ocrx_word' id='word_1_237' title='bbox 951 3117 996 3150; x_wconf 90' lang='lat' dir='ltr'>our</span> <span class='ocrx_word' id='word_1_238' title='bbox 1012 3101 1161 3167; x_wconf 79' lang='lat' dir='ltr'>knowledge</span> 
     </span>
     <span class='ocr_line' id='line_1_32' title="bbox 157 3171 1159 3241; baseline 0 -16"><span class='ocrx_word' id='word_1_239' title='bbox 157 3178 182 3225; x_wconf 88' lang='lat' dir='ltr'>is</span> <span class='ocrx_word' id='word_1_240' title='bbox 198 3174 298 3240; x_wconf 79' lang='lat' dir='ltr'>gained,</span> <span class='ocrx_word' id='word_1_241' title='bbox 306 3191 323 3224; x_wconf 87' lang='lat' dir='ltr'>a</span> <span class='ocrx_word' id='word_1_242' title='bbox 338 3171 462 3224; x_wconf 85' lang='lat' dir='ltr'>Manetho</span> <span class='ocrx_word' id='word_1_243' title='bbox 478 3174 544 3223; x_wconf 78' lang='lat' dir='ltr'>hcm</span> <span class='ocrx_word' id='word_1_244' title='bbox 554 3175 673 3239; x_wconf 87' lang='lat' dir='ltr'>Aegypt.</span> <span class='ocrx_word' id='word_1_245' title='bbox 686 3210 693 3224; x_wconf 91' lang='lat'>.</span> <span class='ocrx_word' id='word_1_246' title='bbox 706 3172 720 3226; x_wconf 84' lang='lat'>.’</span> <span class='ocrx_word' id='word_1_247' title='bbox 745 3174 796 3223; x_wconf 84' lang='lat' dir='ltr'>For</span> <span class='ocrx_word' id='word_1_248' title='bbox 807 3174 860 3224; x_wconf 87' lang='lat' dir='ltr'>this</span> <span class='ocrx_word' id='word_1_249' title='bbox 871 3191 915 3224; x_wconf 89' lang='lat' dir='ltr'>use</span> <span class='ocrx_word' id='word_1_250' title='bbox 926 3174 954 3223; x_wconf 84' lang='lat' dir='ltr'>of</span> <span class='ocrx_word' id='word_1_251' title='bbox 965 3177 1110 3240; x_wconf 56' lang='lat' dir='ltr'>mesenes,</span> <span class='ocrx_word' id='word_1_252' title='bbox 1121 3191 1159 3241; x_wconf 86' lang='lat' dir='ltr'>cp.</span> 
     </span>
     <span class='ocr_line' id='line_1_33' title="bbox 156 3247 837 3313; baseline -0.006 -13"><span class='ocrx_word' id='word_1_253' title='bbox 156 3250 274 3301; x_wconf 80' lang='lat' dir='ltr'>Juvenal</span> <span class='ocrx_word' id='word_1_254' title='bbox 284 3250 319 3298; x_wconf 90' lang='lat' dir='ltr'>iv.</span> <span class='ocrx_word' id='word_1_255' title='bbox 332 3262 379 3312; x_wconf 81' lang='lat'>33;</span> <span class='ocrx_word' id='word_1_256' title='bbox 396 3250 448 3298; x_wconf 83' lang='lat' dir='ltr'>xiv.</span> <span class='ocrx_word' id='word_1_257' title='bbox 462 3258 525 3313; x_wconf 79' lang='lat'>²71;</span> <span class='ocrx_word' id='word_1_258' title='bbox 541 3250 629 3298; x_wconf 82' lang='lat' dir='ltr'>Cicero</span> <span class='ocrx_word' id='word_1_259' title='bbox 639 3250 715 3298; x_wconf 76' lang='lat' dir='ltr'>Brut.</span> <span class='ocrx_word' id='word_1_260' title='bbox 729 3259 768 3312; x_wconf 83' lang='lat'>70.</span> <span class='ocrx_word' id='word_1_261' title='bbox 783 3247 837 3312; x_wconf 83' lang='lat'>246.</span> 
     </span>
    </p>

    <p class='ocr_par' dir='ltr' id='par_1_6' title="bbox 194 3321 724 3388">
     <span class='ocr_line' id='line_1_34' title="bbox 194 3321 724 3388; baseline 0.002 -15"><span class='ocrx_word' id='word_1_262' title='bbox 194 3338 233 3374; x_wconf 87' lang='lat'>10.</span> <span class='ocrx_word' id='word_1_263' title='bbox 250 3330 417 3375; x_wconf 84' lang='lat' dir='ltr'>sectatores:</span> <span class='ocrx_word' id='word_1_264' title='bbox 437 3324 518 3373; x_wconf 85' lang='lat' dir='ltr'>‘their</span> <span class='ocrx_word' id='word_1_265' title='bbox 528 3323 654 3388; x_wconf 86' lang='lat' dir='ltr'>disciples,</span> <span class='ocrx_word' id='word_1_266' title='bbox 664 3321 724 3374; x_wconf 64' lang='lat' dir='ltr'>too!</span> 
     </span>
    </p>

    <p class='ocr_par' dir='ltr' id='par_1_7' title="bbox 157 3396 1161 3611">
     <span class='ocr_line' id='line_1_35' title="bbox 194 3396 1161 3461; baseline -0.001 -15"><span class='ocrx_word' id='word_1_267' title='bbox 194 3411 232 3448; x_wconf 78' lang='lat'>12.</span> <span class='ocrx_word' id='word_1_268' title='bbox 251 3401 377 3448; x_wconf 71' lang='lat' dir='ltr'>unauna</span> <span class='ocrx_word' id='word_1_269' title='bbox 405 3397 468 3447; x_wconf 83' lang='lat' dir='ltr'>This</span> <span class='ocrx_word' id='word_1_270' title='bbox 476 3398 601 3447; x_wconf 76' lang='lat' dir='ltr'>historias</span> <span class='ocrx_word' id='word_1_271' title='bbox 609 3413 662 3447; x_wconf 87' lang='lat' dir='ltr'>was</span> <span class='ocrx_word' id='word_1_272' title='bbox 671 3397 818 3447; x_wconf 87' lang='lat' dir='ltr'>mentioned</span> <span class='ocrx_word' id='word_1_273' title='bbox 827 3396 914 3457; x_wconf 87' lang='lat' dir='ltr'>above,</span> <span class='ocrx_word' id='word_1_274' title='bbox 921 3396 995 3461; x_wconf 69' lang='lat' dir='ltr'>frag„</span> <span class='ocrx_word' id='word_1_275' title='bbox 1004 3397 1056 3447; x_wconf 83' lang='lat' dir='ltr'>and</span> <span class='ocrx_word' id='word_1_276' title='bbox 1064 3397 1102 3446; x_wconf 89' lang='lat' dir='ltr'>ch.</span> <span class='ocrx_word' id='word_1_277' title='bbox 1115 3410 1161 3460; x_wconf 81' lang='lat'>103</span> 
     </span>
     <span class='ocr_line' id='line_1_36' title="bbox 157 3470 1159 3537; baseline -0.003 -13"><span class='ocrx_word' id='word_1_278' title='bbox 157 3473 211 3525; x_wconf 84' lang='lat' dir='ltr'>and</span> <span class='ocrx_word' id='word_1_279' title='bbox 221 3472 262 3522; x_wconf 87' lang='lat' dir='ltr'>his</span> <span class='ocrx_word' id='word_1_280' title='bbox 272 3474 397 3537; x_wconf 77' lang='lat' dir='ltr'>Assyriam</span> <span class='ocrx_word' id='word_1_281' title='bbox 407 3472 506 3537; x_wconf 78' lang='lat' dir='ltr'>history</span> <span class='ocrx_word' id='word_1_282' title='bbox 517 3473 539 3521; x_wconf 91' lang='lat' dir='ltr'>is</span> <span class='ocrx_word' id='word_1_283' title='bbox 549 3472 660 3521; x_wconf 81' lang='lat' dir='ltr'>referred</span> <span class='ocrx_word' id='word_1_284' title='bbox 670 3478 699 3522; x_wconf 90' lang='lat' dir='ltr'>to</span> <span class='ocrx_word' id='word_1_285' title='bbox 708 3472 827 3522; x_wconf 80' lang='lat' dir='ltr'>Lectant</span> <span class='ocrx_word' id='word_1_286' title='bbox 839 3471 856 3520; x_wconf 89' lang='lat' dir='ltr'>i.</span> <span class='ocrx_word' id='word_1_287' title='bbox 871 3484 917 3532; x_wconf 78' lang='lat'>233</span> <span class='ocrx_word' id='word_1_288' title='bbox 934 3487 971 3535; x_wconf 85' lang='lat' dir='ltr'>cp.</span> <span class='ocrx_word' id='word_1_289' title='bbox 980 3470 1014 3520; x_wconf 79' lang='lat' dir='ltr'>ib.</span> <span class='ocrx_word' id='word_1_290' title='bbox 1029 3485 1075 3536; x_wconf 79' lang='lat'>143</span> <span class='ocrx_word' id='word_1_291' title='bbox 1092 3472 1159 3522; x_wconf 90' lang='lat' dir='ltr'>Min.</span> 
     </span>
     <span class='ocr_line' id='line_1_37' title="bbox 157 3545 971 3611; baseline -0.006 -13"><span class='ocrx_word' id='word_1_292' title='bbox 157 3549 214 3598; x_wconf 88' lang='lat' dir='ltr'>Fel.</span> <span class='ocrx_word' id='word_1_293' title='bbox 228 3560 274 3608; x_wconf 78' lang='lat'>223</span> <span class='ocrx_word' id='word_1_294' title='bbox 291 3547 385 3597; x_wconf 86' lang='lat' dir='ltr'>Euseb.</span> <span class='ocrx_word' id='word_1_295' title='bbox 392 3562 483 3611; x_wconf 71' lang='lat' dir='ltr'>praep</span> <span class='ocrx_word' id='word_1_296' title='bbox 495 3548 596 3609; x_wconf 77' lang='lat' dir='ltr'>annp.</span> <span class='ocrx_word' id='word_1_297' title='bbox 607 3563 631 3595; x_wconf 90' lang='lat' dir='ltr'>x.</span> <span class='ocrx_word' id='word_1_298' title='bbox 646 3562 674 3605; x_wconf 89' lang='lat'>1;</span> <span class='ocrx_word' id='word_1_299' title='bbox 689 3548 759 3597; x_wconf 86' lang='lat' dir='ltr'>Tert.</span> <span class='ocrx_word' id='word_1_300' title='bbox 771 3545 806 3594; x_wconf 82' lang='lat' dir='ltr'>od</span> <span class='ocrx_word' id='word_1_301' title='bbox 816 3545 880 3595; x_wconf 82' lang='lat' dir='ltr'>Not.</span> <span class='ocrx_word' id='word_1_302' title='bbox 892 3547 918 3595; x_wconf 89' lang='lat' dir='ltr'>ii.</span> <span class='ocrx_word' id='word_1_303' title='bbox 933 3559 971 3594; x_wconf 79' lang='lat'>12.</span> 
     </span>
    </p>

    <p class='ocr_par' dir='ltr' id='par_1_8' title="bbox 156 3620 1161 3747">
     <span class='ocr_line' id='line_1_38' title="bbox 225 3620 1161 3686; baseline -0.001 -14"><span class='ocrx_word' id='word_1_304' title='bbox 225 3625 322 3680; x_wconf 80' lang='lat' dir='ltr'>etqui</span> <span class='ocrx_word' id='word_1_305' title='bbox 344 3624 417 3671; x_wconf 82' lang='lat' dir='ltr'>istos</span> <span class='ocrx_word' id='word_1_306' title='bbox 437 3626 546 3678; x_wconf 81' lang='lat' dir='ltr'>probat.</span> <span class='ocrx_word' id='word_1_307' title='bbox 581 3621 659 3670; x_wconf 81' lang='lat' dir='ltr'>‘And</span> <span class='ocrx_word' id='word_1_308' title='bbox 675 3622 744 3671; x_wconf 89' lang='lat' dir='ltr'>their</span> <span class='ocrx_word' id='word_1_309' title='bbox 760 3621 833 3670; x_wconf 89' lang='lat' dir='ltr'>critic</span> <span class='ocrx_word' id='word_1_310' title='bbox 848 3621 867 3670; x_wconf 84' lang='lat' dir='ltr'><strong>J</strong></span> <span class='ocrx_word' id='word_1_311' title='bbox 870 3620 985 3686; x_wconf 88' lang='lat' dir='ltr'>osephus,</span> <span class='ocrx_word' id='word_1_312' title='bbox 1001 3620 1058 3670; x_wconf 88' lang='lat' dir='ltr'>who</span> <span class='ocrx_word' id='word_1_313' title='bbox 1077 3621 1161 3671; x_wconf 85' lang='lat' dir='ltr'>either</span> 
     </span>
     <span class='ocr_line' id='line_1_39' title="bbox 156 3692 863 3747; baseline -0.006 0"><span class='ocrx_word' id='word_1_314' title='bbox 156 3697 276 3747; x_wconf 79' lang='lat' dir='ltr'>confirma</span> <span class='ocrx_word' id='word_1_315' title='bbox 286 3695 354 3745; x_wconf 83' lang='lat' dir='ltr'>their</span> <span class='ocrx_word' id='word_1_316' title='bbox 364 3700 484 3745; x_wconf 83' lang='lat' dir='ltr'>accounts</span> <span class='ocrx_word' id='word_1_317' title='bbox 495 3711 523 3744; x_wconf 90' lang='lat' dir='ltr'>or</span> <span class='ocrx_word' id='word_1_318' title='bbox 533 3695 646 3745; x_wconf 81' lang='lat' dir='ltr'>convicta</span> <span class='ocrx_word' id='word_1_319' title='bbox 658 3694 731 3745; x_wconf 83' lang='lat' dir='ltr'>them</span> <span class='ocrx_word' id='word_1_320' title='bbox 743 3694 770 3744; x_wconf 88' lang='lat' dir='ltr'>of</span> <span class='ocrx_word' id='word_1_321' title='bbox 778 3692 863 3743; x_wconf 65' lang='lat' dir='ltr'>error?</span> 
     </span>
    </p>

    <p class='ocr_par' dir='ltr' id='par_1_9' title="bbox 156 3764 1160 3911">
     <span class='ocr_line' id='line_1_40' title="bbox 194 3764 1160 3833; baseline -0.001 -14"><span class='ocrx_word' id='word_1_322' title='bbox 194 3784 232 3833; x_wconf 79' lang='lat'>14</span> <span class='ocrx_word' id='word_1_323' title='bbox 250 3772 404 3819; x_wconf 82' lang='lat' dir='ltr'>censuales.</span> <span class='ocrx_word' id='word_1_324' title='bbox 437 3768 464 3817; x_wconf 79' lang='lat' dir='ltr'>A</span> <span class='ocrx_word' id='word_1_325' title='bbox 476 3768 543 3833; x_wconf 80' lang='lat' dir='ltr'>legal</span> <span class='ocrx_word' id='word_1_326' title='bbox 554 3773 620 3818; x_wconf 84' lang='lat' dir='ltr'>term</span> <span class='ocrx_word' id='word_1_327' title='bbox 630 3767 719 3818; x_wconf 82' lang='lat' dir='ltr'>afleta</span> <span class='ocrx_word' id='word_1_328' title='bbox 735 3784 789 3831; x_wconf 89' lang='lat' dir='ltr'>use,</span> <span class='ocrx_word' id='word_1_329' title='bbox 800 3772 808 3797; x_wconf 91' lang='lat'>‘</span> <span class='ocrx_word' id='word_1_330' title='bbox 814 3768 859 3818; x_wconf 81' lang='lat' dir='ltr'>the</span> <span class='ocrx_word' id='word_1_331' title='bbox 870 3764 976 3818; x_wconf 85' lang='lat' dir='ltr'>censor&#39;s</span> <span class='ocrx_word' id='word_1_332' title='bbox 987 3767 1043 3818; x_wconf 88' lang='lat' dir='ltr'>lists</span> <span class='ocrx_word' id='word_1_333' title='bbox 1052 3764 1074 3830; x_wconf 74' lang='grc' dir='ltr'>’ς</span> <span class='ocrx_word' id='word_1_334' title='bbox 1090 3784 1160 3818; x_wconf 87' lang='lat' dir='ltr'>more</span> 
     </span>
     <span class='ocr_line' id='line_1_41' title="bbox 156 3842 664 3911; baseline -0.006 -13"><span class='ocrx_word' id='word_1_335' title='bbox 156 3845 272 3911; x_wconf 70' lang='lat' dir='ltr'>usnessy,</span> <span class='ocrx_word' id='word_1_336' title='bbox 283 3845 344 3895; x_wconf 84' lang='lat' dir='ltr'>‘the</span> <span class='ocrx_word' id='word_1_337' title='bbox 354 3844 487 3910; x_wconf 84' lang='lat' dir='ltr'>compilers</span> <span class='ocrx_word' id='word_1_338' title='bbox 499 3844 526 3894; x_wconf 87' lang='lat' dir='ltr'>of</span> <span class='ocrx_word' id='word_1_339' title='bbox 533 3845 580 3894; x_wconf 87' lang='lat' dir='ltr'>the</span> <span class='ocrx_word' id='word_1_340' title='bbox 590 3842 664 3895; x_wconf 69' lang='lat' dir='ltr'>uses’</span> 
     </span>
    </p>
   </div>
   <div class='ocr_carea' id='block_1_4' title="bbox 0 0 1396 4242">
    <p class='ocr_par' dir='ltr' id='par_1_10' title="bbox 0 0 1396 4242">
     <span class='ocr_line' id='line_1_42' title="bbox 0 0 1396 4242; baseline 0 0"><span class='ocrx_word' id='word_1_341' title='bbox 0 0 1396 4242; x_wconf 95' lang='lat' dir='ltr'> </span> 
     </span>
    </p>
   </div>
  </div>
 </body>
</html>
