2784 4242
256 253 299 338 36
533 253 734 318 Tertulliani
753 250 976 336 Apolcgeticus
1132 263 1203 328 [cn.
1215 264 1260 314 1x.

253 422 308 502 qui
322 427 479 504 propterea
495 423 645 485 suffocatis
659 444 776 503 quoque
792 428 823 484 et
839 421 1001 483 morticinis
1017 418 1207 495 abstinemus,
1221 444 1259 484 ne

244 543 313 603 'quo
322 522 464 600 sangnine
475 522 706 583 contaminemur
714 523 762 582 vel
770 521 849 581 intre
857 522 971 582 viscera
981 521 1105 599 sepulto.
1126 522 1260 601 Denique

254 622 334 681 inter
343 627 525 682 tentamenta
533 621 770 683 Christianorum
778 620 895 681 botulos
904 621 994 681 etiam
1002 641 1105 680 cruore
1115 622 1260 681 distentos

253 720 427 793 admovetis,
450 719 608 781 certissimi
626 720 747 790 scilicet,
767 719 907 780 illicitum
927 739 989 779 esse
1007 739 1097 799 penes
1115 720 1189 794 illos,
1205 741 1261 798 per

228 818 335 898 ⁴equod
348 818 513 879 exorbitare
527 839 575 879 eos
589 819 689 880 vultis.
730 817 824 878 Porro
837 817 922 896 quale
936 822 990 891 est,
1005 823 1041 877 ut
1055 838 1128 896 quos
1142 819 1259 896 sangni-

253 937 322 976 nem
336 916 449 995 pecoris
462 918 582 977 horrere
601 917 759 988 confiditis,
773 918 901 976 humano
921 915 1038 975 inhiare
1051 917 1185 990 credatis,
1199 917 1260 977 nisi

254 1015 331 1075 forte
345 1015 509 1076 suaviorem
529 1015 745 1094 eumexpe1til
787 1015 880 1090 Quem
894 1014 1015 1093 quidem
1036 1020 1067 1075 et
1080 1016 1177 1093 ipsum
1189 1036 1259 1094 pro·

256 1113 324 1173 inde
345 1112 573 1173 examinatorem
594 1113 831 1174 Christianorum
854 1113 987 1173 adhiberi
1008 1118 1044 1173 ut
1064 1114 1201 1185 foculum,
1222 1122 1259 1174 nt

254 1231 384 1274 acerram
408 1213 571 1290 oportebat.
620 1212 747 1272 Proinde
771 1211 850 1271 enim
870 1212 1066 1289 probarentur
1086 1212 1259 1288 sanguinem

214 1330 248 1370 ιο
254 1310 417 1373 humanum
434 1311 607 1388 appetendo,
623 1310 867 1389 quemadmodum
885 1309 1061 1370 sacrificium
1075 1311 1258 1387 respuend03

253 1408 388 1486 alioquin
402 1408 525 1469 necandi
539 1408 564 1469 si
585 1414 760 1486 gustassent,
775 1408 1018 1486 quemadmodum
1032 1408 1059 1468 si
1074 1429 1134 1468 non
1154 1407 1258 1467 immo-

254 1508 374 1568 lassent.
393 1508 435 1567 Et
448 1506 551 1586 utique
565 1528 624 1567 non
638 1507 750 1567 deesset
760 1507 842 1567 vobis
856 1507 890 1566 in
900 1507 1050 1568 anditione
1059 1508 1259 1568 custodiarum

254 1613 287 1669 et
300 1606 486 1667 damnatione
499 1607 620 1685 sanguis
633 1606 787 1666 humanus.

296 1706 423 1766 Proinde
436 1704 543 1765 incesti
558 1704 610 1783 qui
623 1706 725 1781 magis,
738 1725 825 1783 quam
839 1725 911 1781 quos
924 1705 988 1783 ipse
1001 1706 1123 1784 Jupiter
1136 1707 1258 1767 docuit‘l

215 1824 246 1879 15
256 1807 360 1866 Perses
383 1825 450 1866 oum
473 1805 534 1865 suis
557 1804 702 1865 matribus
723 1804 840 1864 misceri
861 1803 975 1865 (itesias
994 1806 1096 1867 refert.
1146 1805 1259 1866 Sedet

257 1905 428 1965 Macedones
441 1904 578 1983 suspecti,
589 1902 658 1982 quia
666 1923 758 1980 quum
771 1902 898 1981 primum
913 1904 1061 1981 Oedipum
1075 1906 1259 1982 tragoediam

253 2003 415 2077 audissent,
436 2003 564 2064 ridentes
584 2002 689 2063 incesti
709 2002 846 2074 dolorem,
861 2007 964 2075 ἤλαυνε,
985 2003 1129 2076 dicebant,
1151 2008 1187 2064 εἷς
1210 2008 1259 2076 τὴν

254 2106 359 2179 μητέρα.
399 2103 470 2162 Jam
490 2122 567 2162 nune
588 2101 756 2179 recogitate,
776 2105 920 2178 quantum
941 2100 1029 2161 liceat
1049 2103 1197 2162 erroribus
1217 2104 1258 2163 ad

255 2203 367 2265 incesta
380 2202 536 2274 miscenda,
553 2201 759 2280 suppeditante
773 2200 910 2260 materias
928 2200 1098 2277 passivitate
1112 2202 1257 2263 luxuriae.

291 2347 312 2382 1.
330 2335 474 2383 suffooetis
491 2347 603 2393 quoque
621 2338 649 2382 et
666 2334 836 2383 morticinis.
868 2332 934 2380 Acte
950 2347 993 2381 xv.
1012 2345 1059 2393 ²03
1076 2333 1138 2382 Lev.
1150 2333 1211 2385 xxii.
1224 2334 1258 2395 ὃς

257 2404 334 2456 Fnek.
345 2406 380 2454 iv.
392 2419 426 2468 44
439 2403 550 2468 (volu).

290 2492 313 2541 3.
331 2482 407 2528 inter
428 2483 607 2535 tentamenta,
624 2482 671 2530 etc.
705 2480 744 2528 As
760 2493 776 2527 a
792 2477 854 2527 final
872 2477 951 2541 proci,
970 2485 1086 2543 amongst
1102 2479 1176 2529 other
1191 2485 1257 2530 teets

151 2562 153 2568 '
255 2553 356 2617 applied
366 2557 394 2601 to
404 2551 450 2601 the
460 2552 602 2602 Christiane
619 2568 669 2617 yon
686 2553 749 2602 offer
764 2552 836 2601 them
853 2551 980 2617 paddings
996 2553 1066 2602 filled
1083 2553 1146 2602 with
1163 2554 1257 2605 blood:

257 2625 365 2687 botulus,
377 2626 510 2690 according
521 2631 549 2675 to
560 2627 622 2676 Aul.
633 2627 734 2676 Gellius
745 2626 806 2676 xvii
822 2635 845 2690 7.
859 2639 896 2685 11,
909 2627 931 2675 is
942 2643 959 2676 a
969 2626 1061 2689 vulgar
1070 2628 1140 2677 word
1152 2630 1256 2691 equiva-

255 2701 311 2750 lent
328 2705 356 2749 to
364 2702 507 2767 farcimen,
524 2703 532 2729 ‘
541 2717 557 2749 a
574 2699 694 2766 sansage'
701 2718 709 2762 ς
725 2717 805 2766 comp.
822 2701 896 2765 Apic.
912 2702 940 2750 ii.
958 2714 990 2764 5:
1007 2702 1077 2750 Tert.
1098 2717 1155 2751 uses
1174 2703 1205 2761 it,
1223 2704 1258 2752 de

250 2776 338 2842 jejun.
351 2788 372 2831 ι,
384 2774 413 2823 of
420 2773 465 2823 the
476 2775 597 2824 stomaoh.

290 2861 314 2912 5.
331 2850 491 2897 exorbitare
507 2862 563 2899 eos.
598 2847 645 2897 See
662 2854 731 2908 note,
747 2848 787 2898 ch.
803 2846 826 2898 6.
859 2847 914 2898 'l’he
931 2848 993 2898 verb
1009 2848 1032 2897 is
1048 2848 1156 2914 perhaps
1172 2851 1257 2901 active

256 2925 323 2984 hers,
336 2938 363 2970 as
374 2922 402 2970 in
413 2921 465 2970 Sid.
476 2922 553 2985 Apol.
566 2922 636 2989 Epp.
649 2939 673 2971 v.
687 2921 726 2984 16,
741 2927 784 2972 ‘to
796 2928 857 2972 turn
867 2920 939 2971 them
950 2920 1036 2972 aeide?

289 2997 313 3046 8.
330 3002 363 3046 ut
374 2989 507 3057 loculum,
519 3000 552 3045 ut
564 3011 704 3045 acerram:
724 2997 790 3061 ‘just
806 3012 834 3045 as
847 2997 922 3045 much
936 3013 964 3045 as
981 2996 1027 3046 the
1037 2998 1136 3047 branier
1145 2999 1197 3047 and
1208 2999 1255 3048 the

256 3068 431 3121 incense-box’
441 3087 447 3120 ι
458 3071 530 3120 these
538 3087 604 3120 were
612 3071 737 3120 theusual
745 3074 902 3119 tentamenta
911 3070 1119 3127 Christianorum,
1127 3071 1171 3121 the
1178 3074 1257 3122 burn-

255 3147 301 3210 ing
311 3145 340 3195 of
348 3161 364 3194 a
374 3146 423 3194 few
434 3145 519 3210 grains
531 3145 559 3193 of
567 3145 668 3194 incense
679 3145 732 3194 and
743 3145 867 3208 invoking
877 3136 922 3193 the
932 3144 1021 3207 genius
1033 3144 1061 3194 of
1069 3146 1113 3194 the
1125 3162 1238 3210 emperor
1247 3163 1258 3208 ς

255 3220 295 3269 ch.
310 3219 347 3276 28,
360 3233 409 3282 325
426 3218 458 3268 de
473 3218 536 3267 idol.
550 3231 589 3281 24,
603 3220 647 3269 ‘ut
658 3219 817 3268 idololatriae
827 3218 980 3268 devitandae
991 3235 1146 3270 vacaremus.
1182 3221 1257 3271 Haec

256 3294 305 3344 erit
316 3294 357 3343 lex
367 3297 453 3343 nostm
465 3329 471 3343 .
485 3330 492 3342 .
505 3328 513 3342 .
524 3293 625 3356 propria
641 3292 850 3348 Christianorum,
861 3307 907 3355 per
921 3307 998 3356 quam
1012 3292 1045 3341 ab
1058 3291 1166 3342 ethnicis
1177 3309 1256 3357 agno·

255 3368 349 3417 scimur
359 3371 386 3416 et
397 3367 571 3416 examinamur
579 3363 587 3387 '
595 3382 602 3425 3
619 3367 677 3415 udo.
689 3366 773 3416 Mare.
791 3366 810 3414 i.
824 3375 864 3428 27,
877 3366 954 3430 ‘quid
965 3381 1017 3414 non
1028 3377 1055 3415 et
1066 3367 1094 3414 in
1103 3364 1255 3430 persecutio·

255 3444 330 3492 nibus
348 3444 436 3492 etcum
454 3442 539 3491 oblata
559 3457 645 3492 acerra
663 3443 774 3490 animam
796 3442 931 3504 negatione
949 3439 1087 3490 lucraris’t
1120 3443 1188 3491 Acta
1209 3441 1257 3491 SS.

256 3517 330 3581 Perp.
349 3521 376 3566 et
390 3516 467 3566 Folio.
484 3516 511 3565 ii.
529 3528 551 3575 a,
570 3515 638 3565 ‘Fac
658 3531 756 3565 sacrum
772 3530 817 3578 pro
834 3515 917 3564 salute
932 3515 1122 3579 imperatorum
1156 3517 1191 3564 Et
1209 3532 1257 3579 ego

256 3590 382 3656 respondi,
393 3590 455 3639 Non
465 3586 548 3639 facio'
581 3588 672 3641 Euseb.
685 3592 720 3639 iv.
735 3601 773 3649 15.

291 3678 330 3713 12.
349 3667 550 3721 custodiarum,
564 3663 608 3711 ‘of
615 3662 759 3728 prisoners,'
769 3680 797 3713 as
809 3663 898 3725 below,
910 3664 948 3714 ch.
960 3678 1008 3729 443
1024 3663 1126 3713 Sueten
1143 3664 1200 3712 Tib.
1214 3664 1257 3724 61,

257 3739 302 3786 ‘in
313 3737 518 3800 recognoscendis
529 3736 666 3787 custodiis?

292 3823 330 3873 19.
349 3812 549 3867 suppeditante
567 3843 596 3861 ..
617 3813 779 3860 .luxuriee.
813 3810 885 3860 ‘'l'he
903 3812 1131 3876 promiscuoueness
1149 3812 1178 3860 oi
1192 3827 1259 3876 your

257 3884 394 3950 profligacy
404 3884 539 3949 supplying
549 3884 594 3933 the
606 3886 732 3934 occasions
741 3883 769 3933 of
777 3882 874 3934 incest'
