2784 4242
561 63 578 113 h

260 226 302 288 60
539 225 739 292 Tertulliani
757 226 980 310 Apologeticus
1059 292 1063 299 ,
1095 235 1265 301 [ciexvn.

259 393 450 471 aestimetur;
469 395 535 457 ideo
548 417 635 457 verus
647 403 679 458 et
694 402 797 458 tentus
815 404 868 459 est.
910 398 1049 458 Ceterum
1069 399 1150 476 quod
1163 394 1267 458 videri

259 496 458 570 communiter,
473 496 552 574 quod
565 497 776 574 comprehendi,
786 498 865 574 quod
878 497 1028 576 aestimari
1042 503 1149 574 potest,
1161 498 1266 555 minus

259 600 304 654 est
320 600 351 655 et
366 595 459 657 oculis
478 594 586 672 quibus
606 600 772 672 occupatur,
787 602 818 654 ct
838 595 972 655 manibus
988 596 1095 673 quibus
1117 595 1283 670 contami>

259 699 355 766 natur,
371 701 401 753 et
421 694 552 754 sensibus
564 680 673 771 linibus
693 695 852 774 invenitur.
893 695 981 770 Quod
993 715 1063 755 vero
1083 694 1266 754 immensum

235 795 312 866 5est,
333 791 387 850 soli
414 791 470 851 sibi
493 798 596 852 notum
622 799 675 853 est.
723 793 790 853 Hoc
813 799 859 852 est
879 794 971 870 quod:
985 794 1083 852 Deum
1107 791 1266 854 aestimari

259 888 336 962 fecit,
358 889 429 949 dum
447 890 597 950 aestimari
618 911 676 950 non
697 890 785 969 capit.
825 891 875 950 Ita
895 892 1026 951 cumnis
1045 891 1266 969 magnitudinis

259 993 290 1046 et
303 993 406 1047 notum
419 989 584 1050 hominibus
600 990 703 1068 objicit
716 996 747 1049 et
760 990 904 1067 ignotum.
945 992 987 1050 Et
1000 991 1073 1050 haec
1085 996 1133 1050 est
1146 986 1265 1050 summa

260 1085 361 1146 delicti
376 1088 539 1148 nolentium
559 1108 771 1166 recognoscere,
788 1108 875 1166 quem
895 1089 1030 1178 ign-<uere
1047 1109 1107 1148 non
1127 1096 1263 1167 possunt.

259 1185 358 1244 Vultis
374 1206 411 1245 cx
429 1187 565 1264 operibus
583 1187 674 1265 ipsius
691 1192 740 1246 tot
759 1209 797 1249 ac
807 1174 925 1260 talibus,
939 1188 1046 1265 quibus
1066 1172 1262 1256 continemur,

221 1310 253 1346 10
261 1284 367 1361 quibus
381 1285 565 1357 sustinemur,
579 1285 686 1362 quibus
700 1286 888 1359 oblectamur,
902 1286 992 1347 etiem
1007 1286 1115 1362 quibus
1129 1290 1263 1344 exterre-

260 1403 334 1456 mur,
346 1383 438 1443 vultis
452 1384 616 1444 exanimae
630 1383 723 1461 ipsius
733 1383 900 1444 testimonio
914 1386 1155 1461 comprobemus?
1178 1384 1262 1459 Quae

260 1481 329 1542 licet
342 1502 456 1541 earcere
475 1482 604 1559 corporis
622 1502 731 1560 pressa,
746 1483 816 1568 lieet
831 1481 1070 1542 institutionibus
1089 1481 1190 1560 pravis
1204 1481 1262 1540 cir·

260 1576 445 1656 cumscripta,
455 1579 526 1639 licet
539 1579 712 1659 libidinibus
724 1599 760 1639 ac
772 1579 1012 1656 concupiscentiis
1022 1579 1182 1657 evigorata,
1194 1578 1263 1637 licet

260 1677 341 1737 felsis
355 1678 413 1738 diis
427 1678 610 1751 exancillata,
621 1699 692 1738 cum
706 1684 805 1738 temen
819 1677 974 1756 resipiscit,
988 1683 1024 1738 ut
1039 1700 1075 1737 ex
1087 1664 1216 1756 crapula,
1227 1682 1263 1736 ut

222 1801 250 1851 15
260 1796 297 1835 cx
310 1797 418 1849 somno,
433 1781 468 1835 ut
482 1796 519 1836 ex
533 1775 631 1853 alique
644 1776 822 1848 valetudine,
830 1781 867 1836 et
881 1763 1036 1836 sanitatem
1044 1797 1127 1836 suam
1137 1776 1263 1854 patitur,

261 1911 331 1974 place
343 1909 399 1970 of';
416 1926 468 1974 aq.
486 1908 512 1959 S.
523 1911 600 1974 Greg.
618 1910 690 1974 Meg.
703 1909 771 1975 epp.
783 1911 800 1959 i.
816 1924 837 1959 1.
869 1910 925 1959 The
942 1910 1068 1975 adjective
1085 1917 1262 1974 repraesenta·

261 2001 321 2034 cece
332 2001 417 2035 occurs
428 2002 456 2035 es
467 2003 483 2035 a
493 2002 549 2035 var.
562 1986 618 2035 lect.
631 1987 659 2034 in
670 1986 709 2034 ch.
723 1987 763 2047 28,
775 2001 816 2034 see
826 1990 894 2035 note.

294 2074 316 2121 4
334 2057 885 2121 immensum,‘immeesureble,'‘inlinite.'
905 2058 1260 2123 (tompcieerodanatueor.

261 2133 279 2183 i.
293 2146 330 2181 10.
345 2132 383 2193 26,
396 2133 475 2183 ‘Post
485 2134 657 2182 Anaximenes
674 2138 733 2182 atra
749 2133 828 2182 deunr
841 2135 940 2194 statuit,
952 2149 1059 2197 eumque
1071 2134 1143 2197 gigni
1158 2149 1262 2197 esseque

262 2209 414 2257 immensum
421 2214 448 2257 et
457 2208 586 2257 infinitum
595 2213 622 2257 et
630 2224 728 2272 semper
739 2209 767 2257 in
775 2205 862 2257 motu.’
884 2208 938 2257 ΤΙιε
948 2207 1027 2256 Latin
1035 2209 1173 2257 translator
1183 2209 1211 2257 of
1216 2208 1261 2258 the

263 2281 394 2345 Shepherd
403 2280 448 2347 (M
447 2282 507 2331 arrd.
516 2283 540 2344 1)
547 2282 651 2331 rendere
659 2283 731 2342 μόνος
743 2280 768 2330 δὲ
779 2281 905 2346 ἀχὼρητος
913 2280 946 2329 ὧν
956 2282 991 2347 hy
998 2282 1069 2331 sohte
1075 2284 1208 2332 immersus
1217 2287 1262 2333 cst.

262 2357 349 2405 Sothe
357 2355 763 2420 Quicunqcc,‘1mmensusPater,
771 2357 907 2405 immensus
914 2354 1011 2417 Filius,‘
1017 2360 1061 2407 etc.
1079 2357 1263 2407 Ireniuroa.

297 2430 320 2479 6.
337 2433 406 2479 dum
417 2433 560 2480 aestimari
571 2445 630 2480 non
638 2435 728 2489 capit:
747 2430 885 2494 ‘although
892 2431 935 2479 He
943 2431 1002 2479 does
1011 2436 1057 2481 not
1067 2431 1149 2480 admit
1156 2430 1184 2479 of
1187 2432 1262 2496 being

261 2501 428 2564 estimated';
452 2521 531 2569 comp.
550 2505 581 2554 de
598 2506 661 2554 cult.
674 2507 741 2570 scm.
757 2506 775 2555 i.
794 2518 816 2565 2,
837 2505 928 2553 ‘Haec
944 2520 996 2553 non
1013 2505 1082 2569 capit
1099 2504 1262 2565 aestimare’3

264 2581 321 2628 ado.
334 2579 418 2628 Marc.
430 2581 447 2629 i.
459 2579 483 2637 6.
494 2581 531 2630 ‘si
542 2581 679 2646 depretiari
696 2581 765 2645 capit
781 2581 810 2629 in
825 2578 959 2629 Oreatore'
965 2594 973 2642 3
989 2581 1042 2629 and
1057 2580 1102 2630 the
1119 2597 1163 2630 use
1179 2581 1207 2630 of
1220 2597 1260 2630 cc·

260 2671 323 2720 pere
339 2656 396 2704 ado.
413 2655 502 2704 Herm.
521 2671 566 2717 11;
583 2657 641 2708 adar.
657 2658 742 2706 Pras.
755 2666 787 2720 73
804 2657 862 2706 adv.
879 2657 965 2705 More.
985 2657 1019 2705 iv.
1035 2655 1073 2707 16.
1107 2656 1149 2705 On
1164 2657 1208 2706 the
1223 2658 1260 2705 in·

264 2730 413 2780 effableness
430 2731 458 2779 of
471 2732 528 2780 God
543 2748 585 2781 see
600 2733 711 2796 August.
729 2733 761 2780 de
778 2731 850 2781 Tris.
867 2744 952 2792 v.103
968 2732 1012 2780 vii.
1026 2741 1050 2796 7,
1069 2730 1182 2780 ‘Verius
1195 2732 1261 2781 enim

263 2805 388 2869 cogitetur
398 2804 468 2854 Deus
478 2821 555 2869 quam
567 2806 667 2865 dicitur,
679 2810 706 2854 et
718 2807 803 2854 verius
815 2809 854 2852 est
865 2820 941 2868 quam
952 2802 1094 2869 cogitatur?

299 2886 321 2941 7.
338 2881 377 2926 Et
387 2881 456 2930 haee
467 2885 511 2928 est
522 2894 631 2928 summa
641 2881 748 2932 delicti.
781 2879 868 2942 comp.
880 2877 953 2927 Rom.
965 2879 982 2928 i.
995 2893 1035 2939 20,
1049 2891 1096 2938 213
1113 2878 1139 2927 S.
1147 2879 1221 2943 cypr.
1231 2879 1260 2927 de
1362 2908 1363 2913 =

263 2954 328 3004 idol.
339 2969 396 3003 rac.
408 2968 431 3017 9.

296 3045 320 3095 9.
338 3031 433 3078 Vultis
449 3043 485 3078 ex
502 3032 642 3086 operibus.
675 3028 731 3077 The
747 3028 885 3092 testimony
895 3027 924 3076 of
938 3028 1040 3076 Nature
1057 3034 1085 3077 to
1095 3027 1167 3078 God:
1182 3044 1259 3093 comp.

262 3094 295 3153 cle
306 3106 361 3152 teet.
373 3118 414 3151 an.
426 3101 450 3153 6.
484 3102 538 3151 The
548 3103 652 3153 witness
664 3103 692 3152 of
700 3102 746 3152 the
756 3102 817 3152 Sonl
831 3101 853 3150 is
864 3108 927 3151 nent
937 3101 1049 3152 referred
1060 3107 1096 3158 to,
1108 3102 1160 3150 and
1170 3102 1227 3151 that
1236 3101 1261 3151 os

264 3177 416 3227 Revelation
427 3177 456 3225 in
466 3176 504 3227 ch.
522 3178 559 3225 18.

330 3254 434 3309 quibus
445 3255 631 3300 continemur.
664 3250 713 3300 See
724 3256 793 3311 note,
805 3252 845 3300 ch.
860 3263 898 3300 11.
960 3244 971 3249 ”
1315 3292 1317 3297 .

299 3338 337 3373 11.
355 3339 391 3374 ex
401 3328 510 3374 enimse
521 3329 611 3383 ipsius
628 3328 801 3376 testimonio.
834 3325 889 3374 The
900 3322 982 3373 whole
995 3324 1101 3374 treatise
1112 3324 1170 3374 ‘De
1185 3325 1258 3373 Testi-

265 3399 349 3448 monio
361 3398 485 3448 Animae’
497 3400 520 3448 is
531 3416 564 3449 an
575 3400 715 3463 expansion
726 3400 754 3447 of
766 3400 811 3449 the
822 3403 957 3462 argument
963 3397 1032 3447 here.
1066 3398 1093 3446 It
1104 3414 1157 3447 was
1164 3391 1258 3448 written

265 3488 327 3521 soon
338 3472 404 3521 aiter
414 3472 459 3522 the
469 3473 595 3537 Apology,
607 3473 658 3522 and
674 3474 790 3522 contains
806 3490 822 3522 a
838 3473 966 3521 reference
983 3471 1033 3535 (ch.
1047 3471 1075 3536 5)
1090 3477 1118 3521 to
1132 3471 1178 3522 the
1192 3489 1259 3537 argu·

265 3551 337 3596 ment
347 3547 387 3595 for
395 3547 441 3596 the
452 3548 582 3613 antiquity
592 3549 620 3596 of
628 3548 673 3597 the
684 3547 825 3612 Scriptures
836 3549 864 3597 in
875 3546 913 3597 clu
929 3561 968 3611 19,
979 3547 1068 3596 below.

300 3632 338 3680 13.
356 3622 509 3677 evigorata,
517 3621 667 3670 ‘enervated
675 3618 695 3681 ’ς
712 3637 793 3686 comp.
803 3620 833 3669 de
840 3619 907 3684 pall.
915 3637 939 3683 4,
946 3625 953 3646 ⁶
961 3620 1074 3669 mollitas
1085 3625 1111 3670 et
1122 3621 1258 3686 evigoratas

265 3699 292 3743 et
303 3692 468 3742 exedurates?
609 3722 616 3727 -

302 3780 339 3830 14.
356 3769 533 3828 exancillata,
544 3768 681 3818 ‘enslaved
691 3767 750 3830 to’3
767 3787 783 3819 a
794 3767 856 3832 ἅπαξ
866 3775 922 3832 λεγ.

332 3841 482 3902 resipiscit,
496 3842 584 3890 ‘when
594 3843 618 3892 it
628 3858 711 3893 comes
722 3848 750 3893 to
760 3842 847 3906 itself,’
858 3848 987 3893 ‘rccovers
998 3842 1032 3894 its
1044 3843 1145 3896 seneffi'
