<?xml version="1.0" encoding="UTF-8"?>
<!DOCTYPE html PUBLIC "-//W3C//DTD XHTML 1.0 Transitional//EN"
    "http://www.w3.org/TR/xhtml1/DTD/xhtml1-transitional.dtd">
<html xmlns="http://www.w3.org/1999/xhtml" xml:lang="en" lang="en">
 <head>
  <title>
</title>
<meta http-equiv="Content-Type" content="text/html;charset=utf-8" />
  <meta name='ocr-system' content='tesseract 3.04.00' />
  <meta name='ocr-capabilities' content='ocr_page ocr_carea ocr_par ocr_line ocrx_word'/>
</head>
<body>
  <div class='ocr_page' id='page_1' title='image "./quintiseptimiif00bindgoog_0149.png"; bbox 0 0 2784 4242; ppageno 0'>
   <div class='ocr_carea' id='block_1_1' title="bbox 126 193 1127 281">
    <p class='ocr_par' dir='ltr' id='par_1_1' title="bbox 126 193 1127 281">
     <span class='ocr_line' id='line_1_1' title="bbox 126 193 1127 281; baseline 0.001 -24"><span class='ocrx_word' id='word_1_1' title='bbox 126 203 335 268; x_wconf 47' lang='lat' dir='ltr'>cmxxxvi]</span> <span class='ocrx_word' id='word_1_2' title='bbox 366 195 525 259; x_wconf 80' lang='lat' dir='ltr'>adversus</span> <span class='ocrx_word' id='word_1_3' title='bbox 550 195 667 259; x_wconf 77' lang='lat' dir='ltr'>Gentes</span> <span class='ocrx_word' id='word_1_4' title='bbox 684 205 745 277; x_wconf 81' lang='lat' dir='ltr'>pro</span> <span class='ocrx_word' id='word_1_5' title='bbox 771 193 980 260; x_wconf 80' lang='lat' dir='ltr'>Christianis.</span> <span class='ocrx_word' id='word_1_6' title='bbox 1067 216 1127 281; x_wconf 81' lang='lat'>¹13</span> 
     </span>
    </p>
   </div>
   <div class='ocr_carea' id='block_1_2' title="bbox 126 365 1161 1036">
    <p class='ocr_par' dir='ltr' id='par_1_2' title="bbox 126 365 1161 1036">
     <span class='ocr_line' id='line_1_2' title="bbox 126 365 1131 445; baseline 0.005 -22"><span class='ocrx_word' id='word_1_7' title='bbox 126 385 257 442; x_wconf 76' lang='lat' dir='ltr'>augures</span> <span class='ocrx_word' id='word_1_8' title='bbox 271 371 302 425; x_wconf 88' lang='lat' dir='ltr'>et</span> <span class='ocrx_word' id='word_1_9' title='bbox 318 386 416 443; x_wconf 84' lang='lat' dir='ltr'>magos</span> <span class='ocrx_word' id='word_1_10' title='bbox 429 365 465 424; x_wconf 92' lang='lat' dir='ltr'>de</span> <span class='ocrx_word' id='word_1_11' title='bbox 480 365 639 426; x_wconf 79' lang='lat' dir='ltr'>Caesarum</span> <span class='ocrx_word' id='word_1_12' title='bbox 660 366 755 445; x_wconf 90' lang='lat' dir='ltr'>capite</span> <span class='ocrx_word' id='word_1_13' title='bbox 770 368 944 440; x_wconf 86' lang='lat' dir='ltr'>consultant,</span> <span class='ocrx_word' id='word_1_14' title='bbox 960 388 1032 445; x_wconf 85' lang='lat' dir='ltr'>quas</span> <span class='ocrx_word' id='word_1_15' title='bbox 1051 375 1131 428; x_wconf 88' lang='lat' dir='ltr'>artes</span> 
     </span>
     <span class='ocr_line' id='line_1_3' title="bbox 127 464 1130 542; baseline 0.002 -19"><span class='ocrx_word' id='word_1_16' title='bbox 127 469 164 523; x_wconf 85' lang='lat' dir='ltr'>ut</span> <span class='ocrx_word' id='word_1_17' title='bbox 181 465 220 524; x_wconf 87' lang='lat' dir='ltr'>ab</span> <span class='ocrx_word' id='word_1_18' title='bbox 236 464 349 540; x_wconf 77' lang='lat' dir='ltr'>angelis</span> <span class='ocrx_word' id='word_1_19' title='bbox 368 464 564 524; x_wconf 75' lang='lat' dir='ltr'>desertoribus</span> <span class='ocrx_word' id='word_1_20' title='bbox 580 466 713 542; x_wconf 88' lang='lat' dir='ltr'>proditas</span> <span class='ocrx_word' id='word_1_21' title='bbox 734 472 764 524; x_wconf 92' lang='lat' dir='ltr'>et</span> <span class='ocrx_word' id='word_1_22' title='bbox 784 486 802 524; x_wconf 89' lang='lat' dir='ltr'>a</span> <span class='ocrx_word' id='word_1_23' title='bbox 822 467 885 525; x_wconf 90' lang='lat' dir='ltr'>Deo</span> <span class='ocrx_word' id='word_1_24' title='bbox 903 465 1078 528; x_wconf 82' lang='lat' dir='ltr'>interdictas</span> <span class='ocrx_word' id='word_1_25' title='bbox 1094 487 1130 525; x_wconf 93' lang='lat' dir='ltr'>ne</span> 
     </span>
     <span class='ocr_line' id='line_1_4' title="bbox 128 562 1131 642; baseline 0.003 -21"><span class='ocrx_word' id='word_1_26' title='bbox 128 562 191 621; x_wconf 87' lang='lat' dir='ltr'>suis</span> <span class='ocrx_word' id='word_1_27' title='bbox 211 563 328 641; x_wconf 91' lang='lat' dir='ltr'>quidem</span> <span class='ocrx_word' id='word_1_28' title='bbox 350 564 460 622; x_wconf 78' lang='lat' dir='ltr'>caussis</span> <span class='ocrx_word' id='word_1_29' title='bbox 481 563 624 624; x_wconf 88' lang='lat' dir='ltr'>adhibent</span> <span class='ocrx_word' id='word_1_30' title='bbox 643 563 816 624; x_wconf 79' lang='lat' dir='ltr'>Christiani.</span> <span class='ocrx_word' id='word_1_31' title='bbox 861 564 918 623; x_wconf 81' lang='lat' dir='ltr'>Oui</span> <span class='ocrx_word' id='word_1_32' title='bbox 939 572 1131 642; x_wconf 71' lang='lat' dir='ltr'>autem&#39;opus</span> 
     </span>
     <span class='ocr_line' id='line_1_5' title="bbox 128 662 1134 740; baseline 0.001 -19"><span class='ocrx_word' id='word_1_33' title='bbox 128 668 175 721; x_wconf 89' lang='lat' dir='ltr'>est</span> <span class='ocrx_word' id='word_1_34' title='bbox 202 662 380 738; x_wconf 88' lang='lat' dir='ltr'>perscrutari</span> <span class='ocrx_word' id='word_1_35' title='bbox 401 682 490 739; x_wconf 88' lang='lat' dir='ltr'>super</span> <span class='ocrx_word' id='word_1_36' title='bbox 515 662 650 723; x_wconf 83' lang='lat' dir='ltr'>Caesaris</span> <span class='ocrx_word' id='word_1_37' title='bbox 674 663 778 735; x_wconf 88' lang='lat' dir='ltr'>salute,</span> <span class='ocrx_word' id='word_1_38' title='bbox 803 662 862 722; x_wconf 90' lang='lat' dir='ltr'>nisi</span> <span class='ocrx_word' id='word_1_39' title='bbox 890 684 909 722; x_wconf 92' lang='lat' dir='ltr'>a</span> <span class='ocrx_word' id='word_1_40' title='bbox 934 683 991 740; x_wconf 92' lang='lat' dir='ltr'>quo</span> <span class='ocrx_word' id='word_1_41' title='bbox 1018 663 1134 740; x_wconf 88' lang='lat' dir='ltr'>aliquid</span> 
     </span>
     <span class='ocr_line' id='line_1_6' title="bbox 128 760 1161 839; baseline 0.002 -20"><span class='ocrx_word' id='word_1_42' title='bbox 128 760 270 821; x_wconf 89' lang='lat' dir='ltr'>adversus</span> <span class='ocrx_word' id='word_1_43' title='bbox 283 762 364 820; x_wconf 90' lang='lat' dir='ltr'>illam</span> <span class='ocrx_word' id='word_1_44' title='bbox 378 761 525 838; x_wconf 81' lang='lat' dir='ltr'>cogitatur</span> <span class='ocrx_word' id='word_1_45' title='bbox 538 762 586 821; x_wconf 90' lang='lat' dir='ltr'>vel</span> <span class='ocrx_word' id='word_1_46' title='bbox 600 767 731 839; x_wconf 89' lang='lat' dir='ltr'>optatur,</span> <span class='ocrx_word' id='word_1_47' title='bbox 748 767 801 821; x_wconf 92' lang='lat' dir='ltr'>aut</span> <span class='ocrx_word' id='word_1_48' title='bbox 814 767 882 839; x_wconf 91' lang='lat' dir='ltr'>post</span> <span class='ocrx_word' id='word_1_49' title='bbox 901 762 982 820; x_wconf 87' lang='lat' dir='ltr'>illum</span> <span class='ocrx_word' id='word_1_50' title='bbox 997 768 1161 839; x_wconf 60' lang='lat' dir='ltr'>speratnrs</span> 
     </span>
     <span class='ocr_line' id='line_1_7' title="bbox 128 859 1135 938; baseline 0.001 -21"><span class='ocrx_word' id='word_1_51' title='bbox 128 864 160 917; x_wconf 88' lang='lat' dir='ltr'>et</span> <span class='ocrx_word' id='word_1_52' title='bbox 174 859 359 922; x_wconf 72' lang='lat' dir='ltr'>sustinetur?</span> <span class='ocrx_word' id='word_1_53' title='bbox 401 861 469 918; x_wconf 89' lang='lat' dir='ltr'>Nou</span> <span class='ocrx_word' id='word_1_54' title='bbox 482 859 561 918; x_wconf 85' lang='lat' dir='ltr'>enim</span> <span class='ocrx_word' id='word_1_55' title='bbox 583 880 616 919; x_wconf 91' lang='lat' dir='ltr'>ea</span> <span class='ocrx_word' id='word_1_56' title='bbox 629 866 728 920; x_wconf 89' lang='lat' dir='ltr'>mente</span> <span class='ocrx_word' id='word_1_57' title='bbox 743 860 779 919; x_wconf 89' lang='lat' dir='ltr'>de</span> <span class='ocrx_word' id='word_1_58' title='bbox 798 860 873 919; x_wconf 88' lang='lat' dir='ltr'>caris</span> <span class='ocrx_word' id='word_1_59' title='bbox 887 860 1058 933; x_wconf 81' lang='lat' dir='ltr'>consulitur,</span> <span class='ocrx_word' id='word_1_60' title='bbox 1074 880 1135 938; x_wconf 88' lang='lat' dir='ltr'>qna</span> 
     </span>
     <span class='ocr_line' id='line_1_8' title="bbox 127 958 1133 1036; baseline 0.002 -21"><span class='ocrx_word' id='word_1_61' title='bbox 127 958 166 1016; x_wconf 88' lang='lat' dir='ltr'>de</span> <span class='ocrx_word' id='word_1_62' title='bbox 180 958 316 1017; x_wconf 89' lang='lat' dir='ltr'>dominis.</span> <span class='ocrx_word' id='word_1_63' title='bbox 358 958 458 1017; x_wconf 86' lang='lat' dir='ltr'>Aliter</span> <span class='ocrx_word' id='word_1_64' title='bbox 478 958 592 1017; x_wconf 89' lang='lat' dir='ltr'>curiosa</span> <span class='ocrx_word' id='word_1_65' title='bbox 612 966 657 1017; x_wconf 87' lang='lat' dir='ltr'>cst</span> <span class='ocrx_word' id='word_1_66' title='bbox 678 958 844 1018; x_wconf 90' lang='lat' dir='ltr'>sollicitudo</span> <span class='ocrx_word' id='word_1_67' title='bbox 864 959 1023 1036; x_wconf 75' lang='lat' dir='ltr'>sanguinis,</span> <span class='ocrx_word' id='word_1_68' title='bbox 1045 960 1133 1018; x_wconf 91' lang='lat' dir='ltr'>aliter</span> 
     </span>
    </p>
   </div>
   <div class='ocr_carea' id='block_1_3' title="bbox 128 1055 784 1198">
    <p class='ocr_par' dir='ltr' id='par_1_3' title="bbox 128 1055 784 1198">
     <span class='ocr_line' id='line_1_9' title="bbox 128 1055 290 1115; baseline -0.006 0"><span class='ocrx_word' id='word_1_69' title='bbox 128 1055 290 1115; x_wconf 85' lang='lat' dir='ltr'>servitutis</span> 
     </span>
     <span class='ocr_line' id='line_1_10' title="bbox 477 1136 784 1198; baseline 0.01 -3"><span class='ocrx_word' id='word_1_70' title='bbox 477 1136 610 1196; x_wconf 81' lang='lat' dir='ltr'>CAPUT</span> <span class='ocrx_word' id='word_1_71' title='bbox 643 1137 784 1198; x_wconf 85' lang='lat' dir='ltr'><strong>XXXVI.</strong></span> 
     </span>
    </p>
   </div>
   <div class='ocr_carea' id='block_1_4' title="bbox 128 1244 1174 1815">
    <p class='ocr_par' dir='ltr' id='par_1_4' title="bbox 128 1244 1174 1815">
     <span class='ocr_line' id='line_1_11' title="bbox 172 1244 1174 1322; baseline 0.006 -19"><span class='ocrx_word' id='word_1_72' title='bbox 172 1245 207 1303; x_wconf 82' lang='lat' dir='ltr'>Sr</span> <span class='ocrx_word' id='word_1_73' title='bbox 228 1244 298 1303; x_wconf 93' lang='lat' dir='ltr'>haec</span> <span class='ocrx_word' id='word_1_74' title='bbox 318 1244 361 1303; x_wconf 91' lang='lat' dir='ltr'>ita</span> <span class='ocrx_word' id='word_1_75' title='bbox 382 1249 459 1316; x_wconf 90' lang='lat' dir='ltr'>sunt,</span> <span class='ocrx_word' id='word_1_76' title='bbox 477 1252 511 1304; x_wconf 91' lang='lat' dir='ltr'>ut</span> <span class='ocrx_word' id='word_1_77' title='bbox 531 1244 629 1304; x_wconf 88' lang='lat' dir='ltr'>hostes</span> <span class='ocrx_word' id='word_1_78' title='bbox 650 1244 917 1321; x_wconf 83' lang='lat' dir='ltr'>deprehendantur,</span> <span class='ocrx_word' id='word_1_79' title='bbox 936 1246 986 1322; x_wconf 90' lang='lat' dir='ltr'>qui</span> <span class='ocrx_word' id='word_1_80' title='bbox 1008 1246 1132 1306; x_wconf 86' lang='lat' dir='ltr'>Romani</span> <span class='ocrx_word' id='word_1_81' title='bbox 1144 1274 1174 1309; x_wconf 90' lang='lat'>10</span> 
     </span>
     <span class='ocr_line' id='line_1_12' title="bbox 128 1343 1132 1422; baseline 0.001 -19"><span class='ocrx_word' id='word_1_82' title='bbox 128 1343 318 1414; x_wconf 88' lang='lat' dir='ltr'>vocabantur,</span> <span class='ocrx_word' id='word_1_83' title='bbox 333 1365 386 1401; x_wconf 91' lang='lat' dir='ltr'>cur</span> <span class='ocrx_word' id='word_1_84' title='bbox 407 1364 468 1416; x_wconf 91' lang='lat' dir='ltr'>nos,</span> <span class='ocrx_word' id='word_1_85' title='bbox 484 1343 536 1422; x_wconf 89' lang='lat' dir='ltr'>qui</span> <span class='ocrx_word' id='word_1_86' title='bbox 555 1343 654 1402; x_wconf 86' lang='lat' dir='ltr'>hostes</span> <span class='ocrx_word' id='word_1_87' title='bbox 670 1343 881 1413; x_wconf 84' lang='lat' dir='ltr'>existimamur,</span> <span class='ocrx_word' id='word_1_88' title='bbox 900 1344 1024 1403; x_wconf 90' lang='lat' dir='ltr'>Romani</span> <span class='ocrx_word' id='word_1_89' title='bbox 1044 1366 1132 1421; x_wconf 84' lang='lat' dir='ltr'>nega·</span> 
     </span>
     <span class='ocr_line' id='line_1_13' title="bbox 128 1442 1132 1519; baseline 0.002 -17"><span class='ocrx_word' id='word_1_90' title='bbox 128 1445 219 1503; x_wconf 79' lang='lat' dir='ltr'>mnrl</span> <span class='ocrx_word' id='word_1_91' title='bbox 240 1463 299 1501; x_wconf 91' lang='lat' dir='ltr'>non</span> <span class='ocrx_word' id='word_1_92' title='bbox 312 1442 463 1519; x_wconf 84' lang='lat' dir='ltr'>possumus</span> <span class='ocrx_word' id='word_1_93' title='bbox 477 1448 507 1501; x_wconf 86' lang='lat' dir='ltr'>et</span> <span class='ocrx_word' id='word_1_94' title='bbox 522 1442 646 1501; x_wconf 88' lang='lat' dir='ltr'>Romani</span> <span class='ocrx_word' id='word_1_95' title='bbox 660 1462 731 1513; x_wconf 88' lang='lat' dir='ltr'>esse,</span> <span class='ocrx_word' id='word_1_96' title='bbox 745 1450 776 1502; x_wconf 90' lang='lat' dir='ltr'>et</span> <span class='ocrx_word' id='word_1_97' title='bbox 789 1442 889 1502; x_wconf 88' lang='lat' dir='ltr'>hostes</span> <span class='ocrx_word' id='word_1_98' title='bbox 903 1463 962 1501; x_wconf 94' lang='lat' dir='ltr'>non</span> <span class='ocrx_word' id='word_1_99' title='bbox 980 1463 1050 1516; x_wconf 89' lang='lat' dir='ltr'>csse,</span> <span class='ocrx_word' id='word_1_100' title='bbox 1064 1465 1132 1508; x_wconf 83' lang='lat' dir='ltr'>cum</span> 
     </span>
     <span class='ocr_line' id='line_1_14' title="bbox 128 1540 1132 1618; baseline 0 -17"><span class='ocrx_word' id='word_1_101' title='bbox 128 1544 229 1601; x_wconf 92' lang='lat' dir='ltr'>hostes</span> <span class='ocrx_word' id='word_1_102' title='bbox 243 1541 428 1618; x_wconf 87' lang='lat' dir='ltr'>reperiantur</span> <span class='ocrx_word' id='word_1_103' title='bbox 441 1540 493 1616; x_wconf 88' lang='lat' dir='ltr'>qui</span> <span class='ocrx_word' id='word_1_104' title='bbox 508 1540 633 1599; x_wconf 90' lang='lat' dir='ltr'>Romani</span> <span class='ocrx_word' id='word_1_105' title='bbox 646 1541 849 1600; x_wconf 85' lang='lat' dir='ltr'>habebanturl</span> <span class='ocrx_word' id='word_1_106' title='bbox 891 1540 976 1600; x_wconf 92' lang='lat' dir='ltr'>Adeo</span> <span class='ocrx_word' id='word_1_107' title='bbox 990 1541 1084 1618; x_wconf 90' lang='lat' dir='ltr'>pietas</span> <span class='ocrx_word' id='word_1_108' title='bbox 1102 1548 1132 1601; x_wconf 91' lang='lat' dir='ltr'>et</span> 
     </span>
     <span class='ocr_line' id='line_1_15' title="bbox 128 1638 1133 1717; baseline -0.001 -19"><span class='ocrx_word' id='word_1_109' title='bbox 128 1640 235 1717; x_wconf 82' lang='lat' dir='ltr'>religio</span> <span class='ocrx_word' id='word_1_110' title='bbox 249 1645 280 1699; x_wconf 90' lang='lat' dir='ltr'>et</span> <span class='ocrx_word' id='word_1_111' title='bbox 292 1638 364 1697; x_wconf 88' lang='lat' dir='ltr'>fides</span> <span class='ocrx_word' id='word_1_112' title='bbox 378 1638 603 1715; x_wconf 80' lang='lat' dir='ltr'>imperatoribus</span> <span class='ocrx_word' id='word_1_113' title='bbox 617 1638 718 1699; x_wconf 90' lang='lat' dir='ltr'>dedita</span> <span class='ocrx_word' id='word_1_114' title='bbox 731 1659 790 1698; x_wconf 90' lang='lat' dir='ltr'>nou</span> <span class='ocrx_word' id='word_1_115' title='bbox 807 1640 839 1697; x_wconf 92' lang='lat' dir='ltr'>in</span> <span class='ocrx_word' id='word_1_116' title='bbox 852 1640 1018 1715; x_wconf 89' lang='lat' dir='ltr'>hujusmodi</span> <span class='ocrx_word' id='word_1_117' title='bbox 1032 1639 1133 1699; x_wconf 86' lang='lat' dir='ltr'>officiis</span> 
     </span>
     <span class='ocr_line' id='line_1_16' title="bbox 129 1737 1172 1815; baseline 0 -17"><span class='ocrx_word' id='word_1_118' title='bbox 129 1739 276 1810; x_wconf 81' lang='lat' dir='ltr'>consistit,</span> <span class='ocrx_word' id='word_1_119' title='bbox 290 1738 397 1815; x_wconf 88' lang='lat' dir='ltr'>quibus</span> <span class='ocrx_word' id='word_1_120' title='bbox 407 1744 437 1796; x_wconf 92' lang='lat' dir='ltr'>et</span> <span class='ocrx_word' id='word_1_121' title='bbox 450 1737 597 1796; x_wconf 87' lang='lat' dir='ltr'>hostilitas</span> <span class='ocrx_word' id='word_1_122' title='bbox 612 1737 706 1815; x_wconf 83' lang='lat' dir='ltr'>magis</span> <span class='ocrx_word' id='word_1_123' title='bbox 721 1739 759 1796; x_wconf 90' lang='lat' dir='ltr'>ad</span> <span class='ocrx_word' id='word_1_124' title='bbox 769 1739 967 1797; x_wconf 89' lang='lat' dir='ltr'>velamentum</span> <span class='ocrx_word' id='word_1_125' title='bbox 975 1739 1022 1797; x_wconf 87' lang='lat' dir='ltr'>sni</span> <span class='ocrx_word' id='word_1_126' title='bbox 1036 1743 1132 1815; x_wconf 85' lang='lat' dir='ltr'>potest</span> <span class='ocrx_word' id='word_1_127' title='bbox 1145 1765 1172 1814; x_wconf 88' lang='lat'>15</span> 
     </span>
    </p>
   </div>
   <div class='ocr_carea' id='block_1_5' title="bbox 129 1870 1141 3872">
    <p class='ocr_par' dir='ltr' id='par_1_5' title="bbox 129 1870 1132 2680">
     <span class='ocr_line' id='line_1_17' title="bbox 167 1870 1132 1934; baseline 0 -15"><span class='ocrx_word' id='word_1_128' title='bbox 167 1885 188 1919; x_wconf 91' lang='lat'>1.</span> <span class='ocrx_word' id='word_1_129' title='bbox 206 1874 242 1919; x_wconf 85' lang='lat' dir='ltr'>de</span> <span class='ocrx_word' id='word_1_130' title='bbox 254 1873 404 1919; x_wconf 79' lang='lat' dir='ltr'>caesarum</span> <span class='ocrx_word' id='word_1_131' title='bbox 415 1873 508 1926; x_wconf 85' lang='lat' dir='ltr'>capite</span> <span class='ocrx_word' id='word_1_132' title='bbox 518 1873 693 1920; x_wconf 78' lang='lat' dir='ltr'>consrrltant:</span> <span class='ocrx_word' id='word_1_133' title='bbox 706 1886 784 1934; x_wconf 89' lang='lat' dir='ltr'>comp.</span> <span class='ocrx_word' id='word_1_134' title='bbox 793 1872 875 1927; x_wconf 79' lang='lat' dir='ltr'>Tacit,</span> <span class='ocrx_word' id='word_1_135' title='bbox 885 1870 950 1920; x_wconf 75' lang='lat' dir='ltr'>Aac.</span> <span class='ocrx_word' id='word_1_136' title='bbox 960 1870 1004 1920; x_wconf 87' lang='lat' dir='ltr'>xii.</span> <span class='ocrx_word' id='word_1_137' title='bbox 1014 1882 1055 1932; x_wconf 79' lang='lat'>5²,</span> <span class='ocrx_word' id='word_1_138' title='bbox 1067 1870 1132 1919; x_wconf 85' lang='lat' dir='ltr'>‘Fu-</span> 
     </span>
     <span class='ocr_line' id='line_1_18' title="bbox 129 1944 1132 2009; baseline -0.001 -14"><span class='ocrx_word' id='word_1_139' title='bbox 129 1948 184 1995; x_wconf 89' lang='lat' dir='ltr'>rius</span> <span class='ocrx_word' id='word_1_140' title='bbox 196 1944 375 1994; x_wconf 78' lang='lat' dir='ltr'>Scribonianus</span> <span class='ocrx_word' id='word_1_141' title='bbox 386 1945 413 1993; x_wconf 85' lang='lat' dir='ltr'>in</span> <span class='ocrx_word' id='word_1_142' title='bbox 430 1944 548 1993; x_wconf 82' lang='lat' dir='ltr'>exsilium</span> <span class='ocrx_word' id='word_1_143' title='bbox 565 1945 657 2008; x_wconf 82' lang='lat' dir='ltr'>agitur,</span> <span class='ocrx_word' id='word_1_144' title='bbox 670 1946 744 2009; x_wconf 88' lang='lat' dir='ltr'>quasi</span> <span class='ocrx_word' id='word_1_145' title='bbox 761 1947 838 1993; x_wconf 88' lang='lat' dir='ltr'>finem</span> <span class='ocrx_word' id='word_1_146' title='bbox 854 1945 979 2009; x_wconf 90' lang='lat' dir='ltr'>principis</span> <span class='ocrx_word' id='word_1_147' title='bbox 996 1961 1041 2008; x_wconf 88' lang='lat' dir='ltr'>per</span> <span class='ocrx_word' id='word_1_148' title='bbox 1057 1945 1132 1994; x_wconf 85' lang='lat' dir='ltr'>Cha]-</span> 
     </span>
     <span class='ocr_line' id='line_1_19' title="bbox 130 2017 1132 2084; baseline 0 -13"><span class='ocrx_word' id='word_1_149' title='bbox 130 2024 209 2071; x_wconf 89' lang='lat' dir='ltr'>daeos</span> <span class='ocrx_word' id='word_1_150' title='bbox 227 2017 413 2077; x_wconf 88' lang='lat' dir='ltr'>scrutaretur&#39;;</span> <span class='ocrx_word' id='word_1_151' title='bbox 438 2021 569 2071; x_wconf 85' lang='lat' dir='ltr'>Ammian.</span> <span class='ocrx_word' id='word_1_152' title='bbox 590 2021 672 2069; x_wconf 89' lang='lat' dir='ltr'>Marc.</span> <span class='ocrx_word' id='word_1_153' title='bbox 692 2021 759 2069; x_wconf 80' lang='lat' dir='ltr'>xxix.</span> <span class='ocrx_word' id='word_1_154' title='bbox 783 2035 804 2077; x_wconf 84' lang='lat'>2,</span> <span class='ocrx_word' id='word_1_155' title='bbox 826 2023 898 2069; x_wconf 87' lang='lat' dir='ltr'>‘oum</span> <span class='ocrx_word' id='word_1_156' title='bbox 919 2021 1091 2084; x_wconf 81' lang='lat' dir='ltr'>objectaretur</span> <span class='ocrx_word' id='word_1_157' title='bbox 1109 2025 1132 2071; x_wconf 89' lang='lat' dir='ltr'>ei</span> 
     </span>
     <span class='ocr_line' id='line_1_20' title="bbox 130 2091 1131 2161; baseline -0.003 -15"><span class='ocrx_word' id='word_1_158' title='bbox 130 2091 296 2161; x_wconf 88' lang='lat' dir='ltr'>quamobrem</span> <span class='ocrx_word' id='word_1_159' title='bbox 307 2094 527 2145; x_wconf 85' lang='lat' dir='ltr'>constellationem</span> <span class='ocrx_word' id='word_1_160' title='bbox 538 2096 658 2159; x_wconf 91' lang='lat' dir='ltr'>principis</span> <span class='ocrx_word' id='word_1_161' title='bbox 670 2093 844 2159; x_wconf 79' lang='lat' dir='ltr'>collegisset’3</span> <span class='ocrx_word' id='word_1_162' title='bbox 861 2094 933 2143; x_wconf 83' lang='lat' dir='ltr'>Paul.</span> <span class='ocrx_word' id='word_1_163' title='bbox 945 2094 1016 2148; x_wconf 83' lang='lat' dir='ltr'>Sent.</span> <span class='ocrx_word' id='word_1_164' title='bbox 1023 2111 1047 2144; x_wconf 84' lang='lat' dir='ltr'>v.</span> <span class='ocrx_word' id='word_1_165' title='bbox 1060 2110 1098 2148; x_wconf 74' lang='lat'>21.</span> <span class='ocrx_word' id='word_1_166' title='bbox 1109 2110 1131 2156; x_wconf 85' lang='lat'>3,</span> 
     </span>
     <span class='ocr_line' id='line_1_21' title="bbox 133 2170 1131 2236; baseline 0 -16"><span class='ocrx_word' id='word_1_167' title='bbox 133 2173 196 2236; x_wconf 87' lang='lat' dir='ltr'>‘qui</span> <span class='ocrx_word' id='word_1_168' title='bbox 213 2171 245 2220; x_wconf 89' lang='lat' dir='ltr'>de</span> <span class='ocrx_word' id='word_1_169' title='bbox 261 2172 344 2220; x_wconf 88' lang='lat' dir='ltr'>salute</span> <span class='ocrx_word' id='word_1_170' title='bbox 360 2171 480 2233; x_wconf 89' lang='lat' dir='ltr'>principis</span> <span class='ocrx_word' id='word_1_171' title='bbox 498 2208 504 2218; x_wconf 93' lang='lat'>.</span> <span class='ocrx_word' id='word_1_172' title='bbox 522 2208 528 2221; x_wconf 89' lang='lat'>.</span> <span class='ocrx_word' id='word_1_173' title='bbox 547 2171 759 2220; x_wconf 70' lang='lat' dir='ltr'>mathematicos</span> <span class='ocrx_word' id='word_1_174' title='bbox 778 2170 895 2230; x_wconf 87' lang='lat' dir='ltr'>consulit,</span> <span class='ocrx_word' id='word_1_175' title='bbox 912 2187 971 2220; x_wconf 91' lang='lat' dir='ltr'>cum</span> <span class='ocrx_word' id='word_1_176' title='bbox 987 2187 1016 2219; x_wconf 88' lang='lat' dir='ltr'>eo</span> <span class='ocrx_word' id='word_1_177' title='bbox 1032 2173 1076 2235; x_wconf 90' lang='lat' dir='ltr'>qui</span> <span class='ocrx_word' id='word_1_178' title='bbox 1092 2189 1131 2221; x_wconf 91' lang='lat' dir='ltr'>re-</span> 
     </span>
     <span class='ocr_line' id='line_1_22' title="bbox 130 2243 1131 2311; baseline -0.001 -14"><span class='ocrx_word' id='word_1_179' title='bbox 130 2246 272 2311; x_wconf 87' lang='lat' dir='ltr'>sponderit,</span> <span class='ocrx_word' id='word_1_180' title='bbox 283 2246 368 2308; x_wconf 86' lang='lat' dir='ltr'>capite</span> <span class='ocrx_word' id='word_1_181' title='bbox 382 2243 503 2308; x_wconf 66' lang='lat' dir='ltr'>punitur)</span> <span class='ocrx_word' id='word_1_182' title='bbox 537 2246 584 2294; x_wconf 85' lang='lat' dir='ltr'>See</span> <span class='ocrx_word' id='word_1_183' title='bbox 600 2246 728 2295; x_wconf 89' lang='lat' dir='ltr'>Merivale</span> <span class='ocrx_word' id='word_1_184' title='bbox 741 2245 813 2294; x_wconf 79' lang='lat' dir='ltr'>Hirt.</span> <span class='ocrx_word' id='word_1_185' title='bbox 834 2246 906 2294; x_wconf 82' lang='lat' dir='ltr'>Rom.</span> <span class='ocrx_word' id='word_1_186' title='bbox 926 2262 951 2294; x_wconf 91' lang='lat' dir='ltr'>v.</span> <span class='ocrx_word' id='word_1_187' title='bbox 969 2258 1027 2309; x_wconf 77' lang='lat'>253,</span> <span class='ocrx_word' id='word_1_188' title='bbox 1043 2245 1072 2294; x_wconf 82' lang='lat' dir='ltr'>of</span> <span class='ocrx_word' id='word_1_189' title='bbox 1087 2247 1131 2296; x_wconf 87' lang='lat' dir='ltr'>the</span> 
     </span>
     <span class='ocr_line' id='line_1_23' title="bbox 130 2318 1130 2384; baseline 0.002 -15"><span class='ocrx_word' id='word_1_190' title='bbox 130 2322 196 2370; x_wconf 88' lang='lat' dir='ltr'>time</span> <span class='ocrx_word' id='word_1_191' title='bbox 206 2319 234 2369; x_wconf 92' lang='lat' dir='ltr'>of</span> <span class='ocrx_word' id='word_1_192' title='bbox 241 2320 367 2379; x_wconf 83' lang='lat' dir='ltr'>Tiberius,</span> <span class='ocrx_word' id='word_1_193' title='bbox 378 2322 385 2345; x_wconf 90' lang='lat'>‘</span> <span class='ocrx_word' id='word_1_194' title='bbox 395 2318 433 2369; x_wconf 85' lang='lat' dir='ltr'>To</span> <span class='ocrx_word' id='word_1_195' title='bbox 442 2320 542 2383; x_wconf 88' lang='lat' dir='ltr'>inquire</span> <span class='ocrx_word' id='word_1_196' title='bbox 558 2319 619 2368; x_wconf 88' lang='lat' dir='ltr'>thus</span> <span class='ocrx_word' id='word_1_197' title='bbox 637 2320 692 2368; x_wconf 85' lang='lat' dir='ltr'>into</span> <span class='ocrx_word' id='word_1_198' title='bbox 709 2321 754 2368; x_wconf 88' lang='lat' dir='ltr'>the</span> <span class='ocrx_word' id='word_1_199' title='bbox 765 2335 838 2384; x_wconf 86' lang='lat' dir='ltr'>years</span> <span class='ocrx_word' id='word_1_200' title='bbox 855 2319 884 2367; x_wconf 82' lang='lat' dir='ltr'>of</span> <span class='ocrx_word' id='word_1_201' title='bbox 898 2319 943 2369; x_wconf 89' lang='lat' dir='ltr'>the</span> <span class='ocrx_word' id='word_1_202' title='bbox 959 2335 1091 2383; x_wconf 86' lang='lat' dir='ltr'>emperor.</span> <span class='ocrx_word' id='word_1_203' title='bbox 1104 2359 1130 2372; x_wconf 86' lang='grc'>..</span> 
     </span>
     <span class='ocr_line' id='line_1_24' title="bbox 130 2390 1132 2458; baseline 0 -14"><span class='ocrx_word' id='word_1_204' title='bbox 130 2411 185 2444; x_wconf 87' lang='lat' dir='ltr'>was</span> <span class='ocrx_word' id='word_1_205' title='bbox 201 2410 259 2443; x_wconf 91' lang='lat' dir='ltr'>now</span> <span class='ocrx_word' id='word_1_206' title='bbox 272 2394 377 2457; x_wconf 85' lang='lat' dir='ltr'>reputed</span> <span class='ocrx_word' id='word_1_207' title='bbox 394 2390 567 2442; x_wconf 68' lang='lat' dir='ltr'>treasonable!</span> <span class='ocrx_word' id='word_1_208' title='bbox 600 2393 708 2442; x_wconf 87' lang='lat' dir='ltr'>Severus</span> <span class='ocrx_word' id='word_1_209' title='bbox 726 2393 831 2443; x_wconf 84' lang='lat' dir='ltr'>himself</span> <span class='ocrx_word' id='word_1_210' title='bbox 844 2393 896 2443; x_wconf 88' lang='lat' dir='ltr'>had</span> <span class='ocrx_word' id='word_1_211' title='bbox 914 2395 1132 2458; x_wconf 84' lang='lat' dir='ltr'>beensuspeoted</span> 
     </span>
     <span class='ocr_line' id='line_1_25' title="bbox 132 2466 1132 2533; baseline -0.001 -15"><span class='ocrx_word' id='word_1_212' title='bbox 132 2469 162 2518; x_wconf 83' lang='lat' dir='ltr'>of</span> <span class='ocrx_word' id='word_1_213' title='bbox 175 2469 207 2529; x_wconf 86' lang='lat' dir='ltr'>it,</span> <span class='ocrx_word' id='word_1_214' title='bbox 218 2468 344 2531; x_wconf 82' lang='lat' dir='ltr'>Spartian.</span> <span class='ocrx_word' id='word_1_215' title='bbox 356 2466 440 2516; x_wconf 77' lang='lat' dir='ltr'>Seuer.</span> <span class='ocrx_word' id='word_1_216' title='bbox 454 2483 477 2530; x_wconf 79' lang='lat'>4</span> <span class='ocrx_word' id='word_1_217' title='bbox 511 2468 565 2516; x_wconf 82' lang='lat' dir='ltr'>The</span> <span class='ocrx_word' id='word_1_218' title='bbox 576 2468 676 2531; x_wconf 80' lang='lat' dir='ltr'>casting</span> <span class='ocrx_word' id='word_1_219' title='bbox 686 2467 714 2516; x_wconf 88' lang='lat' dir='ltr'>of</span> <span class='ocrx_word' id='word_1_220' title='bbox 723 2467 870 2530; x_wconf 86' lang='lat' dir='ltr'>horoscopes</span> <span class='ocrx_word' id='word_1_221' title='bbox 887 2468 909 2516; x_wconf 87' lang='lat' dir='ltr'>is</span> <span class='ocrx_word' id='word_1_222' title='bbox 925 2466 1038 2517; x_wconf 80' lang='lat' dir='ltr'>referred</span> <span class='ocrx_word' id='word_1_223' title='bbox 1053 2474 1082 2517; x_wconf 89' lang='lat' dir='ltr'>tc</span> <span class='ocrx_word' id='word_1_224' title='bbox 1097 2469 1132 2533; x_wconf 81' lang='lat' dir='ltr'>by</span> 
     </span>
     <span class='ocr_line' id='line_1_26' title="bbox 131 2541 1132 2606; baseline -0.002 -13"><span class='ocrx_word' id='word_1_225' title='bbox 131 2543 247 2595; x_wconf 78' lang='lat' dir='ltr'>Juvenal</span> <span class='ocrx_word' id='word_1_226' title='bbox 258 2543 292 2591; x_wconf 83' lang='lat' dir='ltr'>vi.</span> <span class='ocrx_word' id='word_1_227' title='bbox 304 2555 351 2605; x_wconf 80' lang='lat'>553</span> <span class='ocrx_word' id='word_1_228' title='bbox 363 2543 389 2591; x_wconf 83' lang='lat' dir='ltr'>ff.</span> <span class='ocrx_word' id='word_1_229' title='bbox 400 2557 407 2599; x_wconf 89' lang='lat'>;</span> <span class='ocrx_word' id='word_1_230' title='bbox 423 2542 473 2591; x_wconf 85' lang='lat' dir='ltr'>xiv.</span> <span class='ocrx_word' id='word_1_231' title='bbox 490 2543 536 2605; x_wconf 78' lang='lat'>248</span> <span class='ocrx_word' id='word_1_232' title='bbox 545 2558 552 2600; x_wconf 93' lang='lat'>;</span> <span class='ocrx_word' id='word_1_233' title='bbox 569 2543 638 2591; x_wconf 87' lang='lat' dir='ltr'>Ovid</span> <span class='ocrx_word' id='word_1_234' title='bbox 648 2543 750 2592; x_wconf 81' lang='lat' dir='ltr'>Metam.</span> <span class='ocrx_word' id='word_1_235' title='bbox 760 2543 777 2592; x_wconf 88' lang='lat' dir='ltr'>i.</span> <span class='ocrx_word' id='word_1_236' title='bbox 788 2543 833 2605; x_wconf 86' lang='lat'>148</span> <span class='ocrx_word' id='word_1_237' title='bbox 845 2558 851 2600; x_wconf 90' lang='lat'><strong>;</strong></span> <span class='ocrx_word' id='word_1_238' title='bbox 868 2541 937 2591; x_wconf 85' lang='lat' dir='ltr'>Pers.</span> <span class='ocrx_word' id='word_1_239' title='bbox 946 2541 1002 2602; x_wconf 68' lang='lat' dir='ltr'>Sca,</span> <span class='ocrx_word' id='word_1_240' title='bbox 1013 2559 1037 2592; x_wconf 84' lang='lat' dir='ltr'>r.</span> <span class='ocrx_word' id='word_1_241' title='bbox 1049 2557 1080 2606; x_wconf 85' lang='lat'>45</span> <span class='ocrx_word' id='word_1_242' title='bbox 1090 2544 1132 2602; x_wconf 85' lang='lat' dir='ltr'>ff.;</span> 
     </span>
     <span class='ocr_line' id='line_1_27' title="bbox 132 2616 850 2680; baseline -0.001 -13"><span class='ocrx_word' id='word_1_243' title='bbox 132 2618 185 2667; x_wconf 88' lang='lat' dir='ltr'>and</span> <span class='ocrx_word' id='word_1_244' title='bbox 195 2617 240 2666; x_wconf 86' lang='lat' dir='ltr'>the</span> <span class='ocrx_word' id='word_1_245' title='bbox 250 2618 389 2680; x_wconf 83' lang='lat' dir='ltr'>Augustan</span> <span class='ocrx_word' id='word_1_246' title='bbox 399 2617 459 2665; x_wconf 89' lang='lat' dir='ltr'>hist.</span> <span class='ocrx_word' id='word_1_247' title='bbox 463 2617 597 2679; x_wconf 76' lang='lat' dir='ltr'>frequent.</span> <span class='ocrx_word' id='word_1_248' title='bbox 634 2617 762 2676; x_wconf 82' lang='lat' dir='ltr'>Seeuote,</span> <span class='ocrx_word' id='word_1_249' title='bbox 774 2616 813 2665; x_wconf 91' lang='lat' dir='ltr'>ch.</span> <span class='ocrx_word' id='word_1_250' title='bbox 828 2630 850 2666; x_wconf 80' lang='grc' dir='ltr'>Ι.</span> 
     </span>
    </p>

    <p class='ocr_par' dir='ltr' id='par_1_6' title="bbox 131 2691 1134 3274">
     <span class='ocr_line' id='line_1_28' title="bbox 164 2691 1132 2755; baseline -0.001 -14"><span class='ocrx_word' id='word_1_251' title='bbox 164 2707 191 2754; x_wconf 70' lang='lat' dir='ltr'>a.</span> <span class='ocrx_word' id='word_1_252' title='bbox 209 2696 245 2740; x_wconf 85' lang='lat' dir='ltr'>ab</span> <span class='ocrx_word' id='word_1_253' title='bbox 265 2693 374 2747; x_wconf 68' lang='lat' dir='ltr'>angelis</span> <span class='ocrx_word' id='word_1_254' title='bbox 395 2694 602 2740; x_wconf 84' lang='lat' dir='ltr'>desertoribus:</span> <span class='ocrx_word' id='word_1_255' title='bbox 621 2708 700 2755; x_wconf 90' lang='lat' dir='ltr'>comp.</span> <span class='ocrx_word' id='word_1_256' title='bbox 720 2692 752 2739; x_wconf 84' lang='lat' dir='ltr'>de</span> <span class='ocrx_word' id='word_1_257' title='bbox 768 2691 831 2740; x_wconf 77' lang='lat' dir='ltr'>idol.</span> <span class='ocrx_word' id='word_1_258' title='bbox 847 2706 872 2755; x_wconf 90' lang='lat'>9,</span> <span class='ocrx_word' id='word_1_259' title='bbox 889 2696 1015 2754; x_wconf 79' lang='lat' dir='ltr'>‘propono</span> <span class='ocrx_word' id='word_1_260' title='bbox 1031 2691 1132 2755; x_wconf 80' lang='lat' dir='ltr'>angelos</span> 
     </span>
     <span class='ocr_line' id='line_1_29' title="bbox 133 2764 1133 2830; baseline -0.002 -15"><span class='ocrx_word' id='word_1_261' title='bbox 133 2782 190 2820; x_wconf 84' lang='lat' dir='ltr'>esse</span> <span class='ocrx_word' id='word_1_262' title='bbox 202 2765 260 2814; x_wconf 90' lang='lat' dir='ltr'>illos</span> <span class='ocrx_word' id='word_1_263' title='bbox 276 2765 415 2813; x_wconf 86' lang='lat' dir='ltr'>desertores</span> <span class='ocrx_word' id='word_1_264' title='bbox 430 2764 486 2824; x_wconf 87' lang='lat' dir='ltr'>Dei,</span> <span class='ocrx_word' id='word_1_265' title='bbox 499 2771 624 2814; x_wconf 87' lang='lat' dir='ltr'>amatores</span> <span class='ocrx_word' id='word_1_266' title='bbox 640 2765 799 2826; x_wconf 81' lang='lat' dir='ltr'>feminarum,</span> <span class='ocrx_word' id='word_1_267' title='bbox 811 2765 950 2829; x_wconf 88' lang='lat' dir='ltr'>proditores</span> <span class='ocrx_word' id='word_1_268' title='bbox 964 2765 1042 2814; x_wconf 88' lang='lat' dir='ltr'>etiam</span> <span class='ocrx_word' id='word_1_269' title='bbox 1056 2765 1133 2830; x_wconf 87' lang='lat' dir='ltr'>hujus</span> 
     </span>
     <span class='ocr_line' id='line_1_30' title="bbox 132 2836 1133 2902; baseline -0.003 -13"><span class='ocrx_word' id='word_1_270' title='bbox 132 2838 297 2898; x_wconf 84' lang='lat' dir='ltr'>curiositatis,</span> <span class='ocrx_word' id='word_1_271' title='bbox 314 2844 448 2901; x_wconf 88' lang='lat' dir='ltr'>propterea</span> <span class='ocrx_word' id='word_1_272' title='bbox 466 2854 566 2902; x_wconf 88' lang='lat' dir='ltr'>quoque</span> <span class='ocrx_word' id='word_1_273' title='bbox 586 2839 720 2888; x_wconf 88' lang='lat' dir='ltr'>damnatos</span> <span class='ocrx_word' id='word_1_274' title='bbox 737 2855 753 2887; x_wconf 86' lang='lat' dir='ltr'>a</span> <span class='ocrx_word' id='word_1_275' title='bbox 770 2836 842 2899; x_wconf 82' lang='lat' dir='ltr'>Deo,&#39;</span> <span class='ocrx_word' id='word_1_276' title='bbox 859 2842 916 2899; x_wconf 77' lang='lat' dir='ltr'>etc,</span> <span class='ocrx_word' id='word_1_277' title='bbox 932 2838 984 2888; x_wconf 87' lang='lat' dir='ltr'>and</span> <span class='ocrx_word' id='word_1_278' title='bbox 1004 2855 1020 2887; x_wconf 88' lang='lat' dir='ltr'>a</span> <span class='ocrx_word' id='word_1_279' title='bbox 1036 2840 1133 2887; x_wconf 89' lang='lat' dir='ltr'>similar</span> 
     </span>
     <span class='ocr_line' id='line_1_31' title="bbox 132 2911 1134 2979; baseline -0.001 -16"><span class='ocrx_word' id='word_1_280' title='bbox 132 2930 239 2979; x_wconf 81' lang='lat' dir='ltr'>passage</span> <span class='ocrx_word' id='word_1_281' title='bbox 253 2913 285 2960; x_wconf 83' lang='lat' dir='ltr'>dc</span> <span class='ocrx_word' id='word_1_282' title='bbox 301 2911 360 2963; x_wconf 83' lang='lat' dir='ltr'>cult.</span> <span class='ocrx_word' id='word_1_283' title='bbox 372 2914 438 2976; x_wconf 84' lang='lat' dir='ltr'>fem.</span> <span class='ocrx_word' id='word_1_284' title='bbox 451 2913 467 2961; x_wconf 93' lang='lat' dir='ltr'>i.</span> <span class='ocrx_word' id='word_1_285' title='bbox 480 2927 503 2971; x_wconf 78' lang='lat'>2,</span> <span class='ocrx_word' id='word_1_286' title='bbox 520 2913 605 2962; x_wconf 88' lang='lat' dir='ltr'>where</span> <span class='ocrx_word' id='word_1_287' title='bbox 622 2913 767 2962; x_wconf 76' lang='lat' dir='ltr'>desertores</span> <span class='ocrx_word' id='word_1_288' title='bbox 781 2913 804 2962; x_wconf 86' lang='lat' dir='ltr'>is</span> <span class='ocrx_word' id='word_1_289' title='bbox 822 2912 956 2977; x_wconf 89' lang='lat' dir='ltr'>explained</span> <span class='ocrx_word' id='word_1_290' title='bbox 972 2914 1007 2976; x_wconf 82' lang='lat' dir='ltr'>by</span> <span class='ocrx_word' id='word_1_291' title='bbox 1024 2913 1083 2976; x_wconf 89' lang='lat' dir='ltr'>‘qui</span> <span class='ocrx_word' id='word_1_292' title='bbox 1100 2913 1134 2962; x_wconf 85' lang='lat' dir='ltr'>ad</span> 
     </span>
     <span class='ocr_line' id='line_1_32' title="bbox 132 2986 1133 3045; baseline -0.006 -5"><span class='ocrx_word' id='word_1_293' title='bbox 132 2990 201 3040; x_wconf 86' lang='lat' dir='ltr'>filias</span> <span class='ocrx_word' id='word_1_294' title='bbox 213 2988 344 3036; x_wconf 90' lang='lat' dir='ltr'>hominum</span> <span class='ocrx_word' id='word_1_295' title='bbox 360 2987 392 3035; x_wconf 91' lang='lat' dir='ltr'>de</span> <span class='ocrx_word' id='word_1_296' title='bbox 409 2988 478 3036; x_wconf 90' lang='lat' dir='ltr'>caelo</span> <span class='ocrx_word' id='word_1_297' title='bbox 495 2988 620 3045; x_wconf 86' lang='lat' dir='ltr'>ruerunt,&#39;</span> <span class='ocrx_word' id='word_1_298' title='bbox 632 2988 660 3035; x_wconf 91' lang='lat' dir='ltr'>in</span> <span class='ocrx_word' id='word_1_299' title='bbox 678 2988 830 3037; x_wconf 74' lang='lat' dir='ltr'>accordante</span> <span class='ocrx_word' id='word_1_300' title='bbox 842 2987 905 3036; x_wconf 88' lang='lat' dir='ltr'>with</span> <span class='ocrx_word' id='word_1_301' title='bbox 916 2987 961 3036; x_wconf 92' lang='lat' dir='ltr'>the</span> <span class='ocrx_word' id='word_1_302' title='bbox 972 2987 1038 3034; x_wconf 89' lang='lat' dir='ltr'>view</span> <span class='ocrx_word' id='word_1_303' title='bbox 1054 2986 1133 3036; x_wconf 83' lang='lat' dir='ltr'>taken</span> 
     </span>
     <span class='ocr_line' id='line_1_33' title="bbox 132 3058 1133 3125; baseline -0.005 -12"><span class='ocrx_word' id='word_1_304' title='bbox 132 3065 162 3114; x_wconf 86' lang='lat' dir='ltr'>of</span> <span class='ocrx_word' id='word_1_305' title='bbox 170 3063 235 3112; x_wconf 83' lang='lat' dir='ltr'>Gen.</span> <span class='ocrx_word' id='word_1_306' title='bbox 247 3062 281 3110; x_wconf 90' lang='lat' dir='ltr'>vi.</span> <span class='ocrx_word' id='word_1_307' title='bbox 295 3075 324 3119; x_wconf 77' lang='lat'>²3</span> <span class='ocrx_word' id='word_1_308' title='bbox 342 3077 384 3109; x_wconf 87' lang='lat' dir='ltr'>see</span> <span class='ocrx_word' id='word_1_309' title='bbox 395 3061 484 3120; x_wconf 89' lang='lat' dir='ltr'>above,</span> <span class='ocrx_word' id='word_1_310' title='bbox 495 3060 534 3110; x_wconf 90' lang='lat' dir='ltr'>ch.</span> <span class='ocrx_word' id='word_1_311' title='bbox 549 3074 595 3120; x_wconf 78' lang='lat'>2²3</span> <span class='ocrx_word' id='word_1_312' title='bbox 612 3061 663 3109; x_wconf 89' lang='lat' dir='ltr'>and</span> <span class='ocrx_word' id='word_1_313' title='bbox 671 3062 756 3125; x_wconf 57' lang='lat' dir='ltr'>,Gypr</span> <span class='ocrx_word' id='word_1_314' title='bbox 774 3061 805 3110; x_wconf 81' lang='lat' dir='ltr'>dc</span> <span class='ocrx_word' id='word_1_315' title='bbox 820 3060 883 3109; x_wconf 81' lang='lat' dir='ltr'>idol.</span> <span class='ocrx_word' id='word_1_316' title='bbox 901 3076 957 3109; x_wconf 78' lang='lat' dir='ltr'>can.</span> <span class='ocrx_word' id='word_1_317' title='bbox 970 3058 994 3119; x_wconf 91' lang='lat'>6,</span> <span class='ocrx_word' id='word_1_318' title='bbox 1007 3058 1133 3122; x_wconf 86' lang='lat' dir='ltr'>‘Spiritus</span> 
     </span>
     <span class='ocr_line' id='line_1_34' title="bbox 133 3133 1133 3199; baseline -0.003 -15"><span class='ocrx_word' id='word_1_319' title='bbox 133 3177 140 3190; x_wconf 86' lang='grc'><em>,</em></span> <span class='ocrx_word' id='word_1_320' title='bbox 155 3176 161 3188; x_wconf 93' lang='grc'>.</span> <span class='ocrx_word' id='word_1_321' title='bbox 175 3175 181 3186; x_wconf 93' lang='grc'>.</span> <span class='ocrx_word' id='word_1_322' title='bbox 194 3139 358 3199; x_wconf 84' lang='lat' dir='ltr'>posteaquam</span> <span class='ocrx_word' id='word_1_323' title='bbox 369 3135 477 3184; x_wconf 87' lang='lat' dir='ltr'>terrenis</span> <span class='ocrx_word' id='word_1_324' title='bbox 489 3135 560 3184; x_wconf 90' lang='lat' dir='ltr'>vitiis</span> <span class='ocrx_word' id='word_1_325' title='bbox 571 3136 683 3184; x_wconf 89' lang='lat' dir='ltr'>immersi</span> <span class='ocrx_word' id='word_1_326' title='bbox 694 3141 756 3184; x_wconf 88' lang='lat' dir='ltr'>sunt</span> <span class='ocrx_word' id='word_1_327' title='bbox 767 3141 794 3186; x_wconf 89' lang='lat' dir='ltr'>et</span> <span class='ocrx_word' id='word_1_328' title='bbox 805 3151 821 3183; x_wconf 89' lang='lat' dir='ltr'>a</span> <span class='ocrx_word' id='word_1_329' title='bbox 828 3136 913 3198; x_wconf 86' lang='lat' dir='ltr'>vigore</span> <span class='ocrx_word' id='word_1_330' title='bbox 922 3133 1026 3183; x_wconf 86' lang='lat' dir='ltr'>caelesti</span> <span class='ocrx_word' id='word_1_331' title='bbox 1032 3138 1133 3184; x_wconf 86' lang='lat' dir='ltr'>terreno</span> 
     </span>
     <span class='ocr_line' id='line_1_35' title="bbox 131 3208 729 3274; baseline -0.005 -12"><span class='ocrx_word' id='word_1_332' title='bbox 131 3210 251 3274; x_wconf 78' lang='lat' dir='ltr'>contagio</span> <span class='ocrx_word' id='word_1_333' title='bbox 262 3208 437 3269; x_wconf 90' lang='lat' dir='ltr'>recesserunt,’</span> <span class='ocrx_word' id='word_1_334' title='bbox 449 3213 496 3259; x_wconf 80' lang='lat' dir='ltr'>etc.</span> <span class='ocrx_word' id='word_1_335' title='bbox 529 3210 575 3273; x_wconf 79' lang='lat' dir='ltr'>Op.</span> <span class='ocrx_word' id='word_1_336' title='bbox 587 3210 611 3258; x_wconf 79' lang='lat' dir='ltr'>S.</span> <span class='ocrx_word' id='word_1_337' title='bbox 623 3211 642 3259; x_wconf 86' lang='lat' dir='ltr'>J</span> <span class='ocrx_word' id='word_1_338' title='bbox 644 3210 694 3259; x_wconf 90' lang='lat' dir='ltr'>ude</span> <span class='ocrx_word' id='word_1_339' title='bbox 706 3209 729 3260; x_wconf 92' lang='lat'>6.</span> 
     </span>
    </p>

    <p class='ocr_par' dir='ltr' id='par_1_7' title="bbox 132 3281 1133 3493">
     <span class='ocr_line' id='line_1_36' title="bbox 166 3281 1133 3347; baseline -0.004 -12"><span class='ocrx_word' id='word_1_340' title='bbox 166 3284 192 3336; x_wconf 86' lang='grc'>,6.</span> <span class='ocrx_word' id='word_1_341' title='bbox 210 3287 374 3342; x_wconf 86' lang='lat' dir='ltr'>sustinetur,</span> <span class='ocrx_word' id='word_1_342' title='bbox 388 3285 425 3332; x_wconf 83' lang='lat' dir='ltr'>‘is</span> <span class='ocrx_word' id='word_1_343' title='bbox 436 3284 527 3332; x_wconf 88' lang='lat' dir='ltr'>looked</span> <span class='ocrx_word' id='word_1_344' title='bbox 538 3282 594 3343; x_wconf 84' lang='lat' dir='ltr'>for,&#39;</span> <span class='ocrx_word' id='word_1_345' title='bbox 609 3281 762 3347; x_wconf 81' lang='lat' dir='ltr'>‘expected’</span> <span class='ocrx_word' id='word_1_346' title='bbox 795 3281 926 3332; x_wconf 66' lang='lat' dir='ltr'>declinere</span> <span class='ocrx_word' id='word_1_347' title='bbox 942 3281 989 3329; x_wconf 90' lang='lat' dir='ltr'>has</span> <span class='ocrx_word' id='word_1_348' title='bbox 1005 3282 1050 3331; x_wconf 87' lang='lat' dir='ltr'>the</span> <span class='ocrx_word' id='word_1_349' title='bbox 1062 3297 1133 3331; x_wconf 88' lang='lat' dir='ltr'>sense</span> 
     </span>
     <span class='ocr_line' id='line_1_37' title="bbox 133 3357 1133 3422; baseline -0.005 -13"><span class='ocrx_word' id='word_1_350' title='bbox 133 3362 163 3412; x_wconf 86' lang='lat' dir='ltr'>of</span> <span class='ocrx_word' id='word_1_351' title='bbox 171 3366 326 3421; x_wconf 70' lang='lat' dir='ltr'>exspectare,</span> <span class='ocrx_word' id='word_1_352' title='bbox 337 3359 396 3409; x_wconf 80' lang='lat' dir='ltr'>adv.</span> <span class='ocrx_word' id='word_1_353' title='bbox 408 3359 498 3408; x_wconf 83' lang='lat' dir='ltr'>Herm.</span> <span class='ocrx_word' id='word_1_354' title='bbox 511 3372 549 3422; x_wconf 87' lang='lat'>29,</span> <span class='ocrx_word' id='word_1_355' title='bbox 563 3358 625 3407; x_wconf 86' lang='lat' dir='ltr'>‘sed</span> <span class='ocrx_word' id='word_1_356' title='bbox 640 3358 776 3408; x_wconf 88' lang='lat' dir='ltr'>invisibilis</span> <span class='ocrx_word' id='word_1_357' title='bbox 793 3373 872 3420; x_wconf 87' lang='lat' dir='ltr'>usque</span> <span class='ocrx_word' id='word_1_358' title='bbox 887 3362 949 3405; x_wconf 88' lang='lat' dir='ltr'>tunc</span> <span class='ocrx_word' id='word_1_359' title='bbox 960 3357 1041 3406; x_wconf 89' lang='lat' dir='ltr'>videri</span> <span class='ocrx_word' id='word_1_360' title='bbox 1059 3357 1133 3406; x_wconf 87' lang='lat' dir='ltr'>susti-</span> 
     </span>
     <span class='ocr_line' id='line_1_38' title="bbox 132 3428 936 3493; baseline -0.007 -8"><span class='ocrx_word' id='word_1_361' title='bbox 132 3431 243 3492; x_wconf 88' lang='lat' dir='ltr'>nebat’;</span> <span class='ocrx_word' id='word_1_362' title='bbox 260 3434 317 3483; x_wconf 73' lang='grc' dir='ltr'>αάν.</span> <span class='ocrx_word' id='word_1_363' title='bbox 329 3433 393 3485; x_wconf 76' lang='lat' dir='ltr'>Jad.</span> <span class='ocrx_word' id='word_1_364' title='bbox 407 3432 431 3493; x_wconf 92' lang='lat'>6,</span> <span class='ocrx_word' id='word_1_365' title='bbox 446 3437 454 3460; x_wconf 83' lang='lat'><strong><em>¹</em></strong></span> <span class='ocrx_word' id='word_1_366' title='bbox 461 3434 483 3481; x_wconf 92' lang='lat' dir='ltr'>si</span> <span class='ocrx_word' id='word_1_367' title='bbox 495 3433 603 3482; x_wconf 87' lang='lat' dir='ltr'>necdum</span> <span class='ocrx_word' id='word_1_368' title='bbox 615 3434 694 3490; x_wconf 84' lang='lat' dir='ltr'>venit,</span> <span class='ocrx_word' id='word_1_369' title='bbox 707 3432 870 3482; x_wconf 87' lang='lat' dir='ltr'>sustinendus</span> <span class='ocrx_word' id='word_1_370' title='bbox 881 3428 936 3480; x_wconf 65' lang='lat' dir='ltr'>est)</span> 
     </span>
    </p>

    <p class='ocr_par' dir='ltr' id='par_1_8' title="bbox 132 3505 1134 3794">
     <span class='ocr_line' id='line_1_39' title="bbox 169 3505 1134 3574; baseline -0.004 -17"><span class='ocrx_word' id='word_1_371' title='bbox 169 3521 192 3574; x_wconf 84' lang='lat'>7.</span> <span class='ocrx_word' id='word_1_372' title='bbox 209 3511 305 3557; x_wconf 77' lang='lat' dir='ltr'>Aliter</span> <span class='ocrx_word' id='word_1_373' title='bbox 315 3512 427 3559; x_wconf 88' lang='lat' dir='ltr'>curiosa</span> <span class='ocrx_word' id='word_1_374' title='bbox 437 3514 489 3558; x_wconf 88' lang='lat' dir='ltr'>est.</span> <span class='ocrx_word' id='word_1_375' title='bbox 524 3507 595 3556; x_wconf 78' lang='lat' dir='ltr'>‘The</span> <span class='ocrx_word' id='word_1_376' title='bbox 612 3508 745 3557; x_wconf 89' lang='lat' dir='ltr'>solicitude</span> <span class='ocrx_word' id='word_1_377' title='bbox 762 3507 874 3571; x_wconf 85' lang='lat' dir='ltr'>inspired</span> <span class='ocrx_word' id='word_1_378' title='bbox 891 3507 926 3569; x_wconf 89' lang='lat' dir='ltr'>by</span> <span class='ocrx_word' id='word_1_379' title='bbox 941 3505 1044 3568; x_wconf 84' lang='lat' dir='ltr'>kinship</span> <span class='ocrx_word' id='word_1_380' title='bbox 1061 3506 1084 3554; x_wconf 89' lang='lat' dir='ltr'>is</span> <span class='ocrx_word' id='word_1_381' title='bbox 1101 3521 1134 3553; x_wconf 92' lang='lat' dir='ltr'>an</span> 
     </span>
     <span class='ocr_line' id='line_1_40' title="bbox 132 3578 1133 3647; baseline -0.006 -12"><span class='ocrx_word' id='word_1_382' title='bbox 132 3584 241 3647; x_wconf 89' lang='lat' dir='ltr'>anxiety</span> <span class='ocrx_word' id='word_1_383' title='bbox 252 3583 280 3632; x_wconf 84' lang='lat' dir='ltr'>ol</span> <span class='ocrx_word' id='word_1_384' title='bbox 288 3583 360 3646; x_wconf 89' lang='lat' dir='ltr'>quite</span> <span class='ocrx_word' id='word_1_385' title='bbox 371 3599 387 3631; x_wconf 88' lang='lat' dir='ltr'>a</span> <span class='ocrx_word' id='word_1_386' title='bbox 398 3582 517 3630; x_wconf 87' lang='lat' dir='ltr'>different</span> <span class='ocrx_word' id='word_1_387' title='bbox 527 3587 619 3630; x_wconf 88' lang='lat' dir='ltr'>nature</span> <span class='ocrx_word' id='word_1_388' title='bbox 630 3587 657 3630; x_wconf 88' lang='lat' dir='ltr'>to</span> <span class='ocrx_word' id='word_1_389' title='bbox 668 3582 728 3631; x_wconf 88' lang='lat' dir='ltr'>that</span> <span class='ocrx_word' id='word_1_390' title='bbox 739 3582 822 3631; x_wconf 90' lang='lat' dir='ltr'>which</span> <span class='ocrx_word' id='word_1_391' title='bbox 834 3581 962 3630; x_wconf 84' lang='lat' dir='ltr'>servitude</span> <span class='ocrx_word' id='word_1_392' title='bbox 972 3580 1035 3630; x_wconf 89' lang='lat' dir='ltr'>calls</span> <span class='ocrx_word' id='word_1_393' title='bbox 1047 3578 1133 3629; x_wconf 86' lang='lat' dir='ltr'>forth&#39;</span> 
     </span>
     <span class='ocr_line' id='line_1_41' title="bbox 133 3653 1134 3721; baseline -0.008 -11"><span class='ocrx_word' id='word_1_394' title='bbox 133 3660 283 3716; x_wconf 72' lang='lat' dir='ltr'>sanguinis</span> <span class='ocrx_word' id='word_1_395' title='bbox 299 3656 462 3719; x_wconf 87' lang='lat' dir='ltr'>corresponds</span> <span class='ocrx_word' id='word_1_396' title='bbox 472 3661 500 3704; x_wconf 91' lang='lat' dir='ltr'>to</span> <span class='ocrx_word' id='word_1_397' title='bbox 511 3656 543 3703; x_wconf 84' lang='lat' dir='ltr'>de</span> <span class='ocrx_word' id='word_1_398' title='bbox 554 3657 622 3704; x_wconf 80' lang='lat' dir='ltr'>caris</span> <span class='ocrx_word' id='word_1_399' title='bbox 634 3654 715 3721; x_wconf 86' lang='lat' dir='ltr'>(one&#39;s</span> <span class='ocrx_word' id='word_1_400' title='bbox 731 3656 807 3706; x_wconf 91' lang='lat' dir='ltr'>loved</span> <span class='ocrx_word' id='word_1_401' title='bbox 823 3656 904 3717; x_wconf 89' lang='lat' dir='ltr'>ones),</span> <span class='ocrx_word' id='word_1_402' title='bbox 917 3653 968 3703; x_wconf 87' lang='lat' dir='ltr'>and</span> <span class='ocrx_word' id='word_1_403' title='bbox 985 3657 1134 3704; x_wconf 80' lang='lat' dir='ltr'>servitutis</span> 
     </span>
     <span class='ocr_line' id='line_1_42' title="bbox 133 3730 653 3794; baseline -0.002 -13"><span class='ocrx_word' id='word_1_404' title='bbox 133 3742 162 3786; x_wconf 86' lang='lat' dir='ltr'>to</span> <span class='ocrx_word' id='word_1_405' title='bbox 173 3734 206 3794; x_wconf 77' lang='lat' dir='ltr'>de</span> <span class='ocrx_word' id='word_1_406' title='bbox 217 3732 329 3783; x_wconf 75' lang='lat' dir='ltr'>dominia</span> <span class='ocrx_word' id='word_1_407' title='bbox 339 3732 367 3782; x_wconf 92' lang='lat' dir='ltr'>in</span> <span class='ocrx_word' id='word_1_408' title='bbox 377 3732 422 3780; x_wconf 91' lang='lat' dir='ltr'>the</span> <span class='ocrx_word' id='word_1_409' title='bbox 433 3730 551 3793; x_wconf 89' lang='lat' dir='ltr'>previous</span> <span class='ocrx_word' id='word_1_410' title='bbox 562 3730 653 3780; x_wconf 89' lang='lat' dir='ltr'>clause.</span> 
     </span>
    </p>

    <p class='ocr_par' dir='ltr' id='par_1_9' title="bbox 170 3803 1141 3872">
     <span class='ocr_line' id='line_1_43' title="bbox 170 3803 1141 3872; baseline -0.004 -15"><span class='ocrx_word' id='word_1_411' title='bbox 170 3822 208 3872; x_wconf 84' lang='lat'>15.</span> <span class='ocrx_word' id='word_1_412' title='bbox 226 3810 372 3858; x_wconf 88' lang='lat' dir='ltr'>hostilitas</span> <span class='ocrx_word' id='word_1_413' title='bbox 384 3808 474 3862; x_wconf 71' lang='lat' dir='ltr'>magis</span> <span class='ocrx_word' id='word_1_414' title='bbox 486 3807 730 3870; x_wconf 82' lang='lat' dir='ltr'>advelamentum,</span> <span class='ocrx_word' id='word_1_415' title='bbox 743 3809 788 3856; x_wconf 79' lang='lat' dir='ltr'>etc.</span> <span class='ocrx_word' id='word_1_416' title='bbox 801 3822 807 3854; x_wconf 74' lang='grc' dir='ltr'>ι</span> <span class='ocrx_word' id='word_1_417' title='bbox 820 3804 918 3854; x_wconf 86' lang='lat' dir='ltr'>‘which</span> <span class='ocrx_word' id='word_1_418' title='bbox 927 3821 943 3854; x_wconf 89' lang='lat' dir='ltr'>a</span> <span class='ocrx_word' id='word_1_419' title='bbox 953 3803 1045 3855; x_wconf 82' lang='lat' dir='ltr'>hostile</span> <span class='ocrx_word' id='word_1_420' title='bbox 1054 3803 1141 3867; x_wconf 66' lang='lat' dir='ltr'>dispo·⁴</span> 
     </span>
    </p>
   </div>
   <div class='ocr_carea' id='block_1_6' title="bbox 628 3906 641 3951">
    <p class='ocr_par' dir='ltr' id='par_1_10' title="bbox 628 3906 641 3951">
     <span class='ocr_line' id='line_1_44' title="bbox 628 3906 641 3951; baseline 0 0"><span class='ocrx_word' id='word_1_421' title='bbox 628 3906 641 3951; x_wconf 86' lang='lat'>1</span> 
     </span>
    </p>
   </div>
   <div class='ocr_carea' id='block_1_7' title="bbox 0 0 1405 4242">
    <p class='ocr_par' dir='ltr' id='par_1_11' title="bbox 0 0 1405 4242">
     <span class='ocr_line' id='line_1_45' title="bbox 0 0 1405 4242; baseline 0 0"><span class='ocrx_word' id='word_1_422' title='bbox 0 0 1405 4242; x_wconf 95' lang='lat' dir='ltr'> </span> 
     </span>
    </p>
   </div>
  </div>
 </body>
</html>
