2784 4242
282 236 343 320 158
655 237 828 320 Appendix
847 236 899 303 II.

278 408 387 487 viginti
402 428 526 486 quoque.
565 405 674 466 Omnes
687 412 719 466 et
732 406 890 484 imaginem
903 412 987 466 tuam
1001 406 1179 483 deorumque
1194 404 1283 464 sim'u·

278 502 500 564 lacrasenerati
514 507 600 562 sunt:
615 502 639 560 ii
653 509 683 561 et
697 500 818 561 Christo
832 501 1055 562 maledixerunt.
1085 500 1283 559 Affirmabant

279 605 379 658 autem
393 598 467 656 hanc
481 596 570 656 fuisse
584 602 726 655 summam
740 596 788 655 vel
801 596 904 672 culpae
924 615 993 655 suae
1007 594 1055 655 vel
1069 594 1189 667 erroris,
1207 594 1285 671 quod

278 698 375 752 essent
402 690 483 751 soliti
514 696 592 750 stato
619 690 668 748 die
695 694 765 750 ante
792 690 888 749 lucem
916 689 1080 761 convenire,
1106 708 1284 765 carmenque

279 786 407 858 Christo,
422 784 506 863 quasi
521 783 583 856 deo,
598 784 695 843 dicere
715 804 813 843 secum
833 782 968 854 invicem,
989 804 1077 862 saque
1100 790 1284 843 sacramento
1357 819 1358 866 3

279 901 338 940 non
351 880 383 938 in
397 880 492 938 scelus
506 878 626 956 aliquod
639 878 833 955 obstringere,
848 877 898 937 sed
912 898 949 937 ne
963 878 1052 952 furta,
1068 898 1106 936 ne
1117 877 1283 946 latrocinia,

278 995 315 1034 ne
329 973 475 1034 adulteria
495 972 719 1047 committerent,
733 992 771 1031 ne
792 972 879 1030 fidem
899 972 1043 1043 fallerent,
1058 992 1095 1031 ne
1115 972 1284 1049 depositum

280 1068 422 1146 appellati
436 1067 612 1143 abnegarent
626 1086 633 1126 ε
655 1067 762 1144 quibus
778 1066 905 1144 peractis
919 1087 1027 1125 morem
1041 1066 1099 1126 sibi
1113 1066 1284 1125 discedendi

279 1163 368 1222 fuisse
383 1181 541 1240 rursusque
561 1161 682 1220 cotundi
705 1161 743 1219 ad
763 1160 936 1238 capiendum
953 1162 1061 1235 cibum,
1083 1161 1284 1239 promiscuum

279 1264 377 1318 tamen
391 1262 421 1316 et
435 1255 587 1314 innoxium
595 1275 604 1327 ;
625 1256 704 1333 quod
717 1255 815 1333 ipsum
828 1255 922 1315 lacere
935 1256 1056 1315 desiisse
1072 1260 1141 1333 post
1155 1255 1283 1314 edictum

279 1372 384 1423 meum,
399 1371 456 1429 quo
470 1350 628 1409 secundum
648 1350 787 1409 mandata
807 1356 861 1410 tua
880 1350 1025 1409 hetaerias
1045 1369 1108 1408 esse
1122 1356 1282 1408 vetueram
1358 1355 1359 1412 l

280 1446 345 1521 Quo
372 1444 466 1523 magis
494 1445 688 1504 necessarium
712 1444 831 1517 credidi,
855 1464 892 1504 ex
916 1444 1029 1503 duabus
1056 1444 1182 1517 ancillis,
1211 1463 1283 1521 quae

279 1539 433 1601 ministrae
446 1538 628 1610 dicebantur,
643 1538 717 1615 quid
730 1545 807 1599 esset
820 1538 891 1611 veri,
907 1545 938 1599 et
958 1558 1012 1617 per
1031 1543 1182 1597 tormenta
1196 1559 1282 1616 quae·

280 1656 353 1695 rare.
396 1633 455 1694 Sed
476 1631 551 1691 nihil
571 1632 652 1691 aliud
668 1632 778 1706 inveni,
795 1653 883 1709 quam
903 1633 1141 1711 superstitionem
1162 1653 1283 1711 pravam

280 1736 310 1790 et
323 1728 514 1800 immodicam,
529 1727 660 1804 ideoque,
675 1727 768 1787 dilata
782 1728 958 1805 cognitione,
973 1728 1012 1787 ad
1025 1727 1241 1787 consulendum
1252 1733 1281 1786 te
1359 1757 1360 1802 l

280 1824 404 1884 decurri.
459 1823 530 1881 Visa
557 1829 601 1881 est
628 1820 708 1880 enim
741 1821 816 1880 mihi
849 1842 896 1881 res
932 1821 1022 1899 digna
1056 1822 1279 1892 consultatione,
1359 1849 1360 1852 ¹

280 1918 405 1979 maxime
418 1922 540 1994 propter
550 1915 785 1993 periclitantium
798 1937 961 1978 numerum.
993 1916 1084 1975 Multi
1099 1915 1179 1975 enim
1190 1915 1281 1975 omnis

281 2012 395 2086 aetatis,
403 2011 496 2071 omnis
510 2010 630 2083 ordinis,
640 2011 796 2088 utriusque
806 2032 892 2071 sexus
903 2011 1000 2083 etiam,
1009 2018 1153 2070 vocantur
1164 2011 1196 2068 in
1206 2009 1280 2088 peri·

281 2107 387 2179 culum,
399 2112 429 2165 et
439 2105 629 2166 vocabuntur.
655 2105 760 2183 Neque
774 2105 851 2164 enim
861 2106 997 2165 civitates
1006 2112 1130 2176 tantum,
1143 2107 1195 2165 sed
1203 2105 1281 2165 vicos

281 2202 370 2262 etiam
393 2209 481 2278 atque
505 2220 592 2276 agros
616 2198 836 2277 superstitionis
857 2199 944 2260 istius
966 2199 1103 2278 contagio
1121 2207 1280 2278 pervagata

280 2301 345 2369 est3
367 2316 441 2373 quae
454 2295 573 2353 videtur
587 2293 652 2353 sisti
666 2299 696 2353 et
711 2293 819 2371 corrigi
832 2314 924 2372 posse.
966 2294 1053 2356 Oerte
1072 2294 1144 2354 satis
1158 2284 1280 2366 constat,

281 2410 372 2468 prope
379 2393 441 2465 jam
449 2387 580 2448 desolata
589 2389 700 2466 templa
711 2389 840 2465 coepisse
848 2383 990 2449 celebrari
998 2395 1029 2449 et
1038 2409 1120 2448 sacra
1129 2389 1280 2449 sollemnia

282 2483 334 2542 diu
354 2482 523 2543 intermissa
543 2483 638 2561 repeti
648 2502 657 2557 ;
675 2482 841 2561 passimque
863 2483 964 2543 venire
988 2483 1133 2557 victimas,
1155 2504 1279 2562 quarum

281 2578 376 2637 adhuc
396 2577 562 2637 rarissimus
583 2583 698 2656 emptor
719 2577 934 2638 inveniebatur.
976 2579 1023 2636 Ex
1048 2599 1106 2656 quo
1131 2579 1218 2640 facile
1237 2585 1279 2638 est

281 2672 403 2751 opinari,
419 2692 492 2749 quae
509 2672 598 2732 turba
618 2671 771 2731 bominum
787 2673 935 2732 emendari
956 2673 1060 2752 possit,
1074 2674 1100 2733 ai
1121 2673 1162 2733 sit
1182 2672 1280 2752 paeni·

282 2765 392 2827 tentiae
407 2767 496 2827 locus.

604 2850 770 2920 'trajanus
790 2851 902 2910 Plinio
924 2853 957 2910 S.

323 2967 441 3041 Actum,
455 2987 543 3045 quem
556 2968 695 3040 debuisti,
710 2967 752 3026 mi
766 2967 908 3042 Secunde,
922 2967 954 3027 in
970 2967 1154 3028 excutiendis
1175 2969 1278 3029 massis

282 3084 389 3136 eornm,
399 3062 451 3141 qui
462 3061 623 3122 Christiani
636 3063 675 3121 ad
688 3069 719 3121 te
732 3062 824 3123 delati
841 3065 966 3136 fuerant,
980 3067 1098 3123 secutus
1109 3082 1147 3123 es.
1178 3065 1278 3141 Neque

281 3158 360 3218 enim
387 3157 419 3216 in
445 3156 615 3216 universum
648 3157 771 3235 aliquid,
799 3158 878 3236 quod
908 3157 993 3235 quasi
1020 3161 1131 3217 certam
1159 3159 1278 3217 formam

281 3251 397 3325 habeat,
422 3250 564 3311 constitui
587 3254 691 3329 potest.
736 3251 939 3329 Conquirendi
958 3272 1019 3310 non
1039 3257 1129 3313 sunt:
1154 3252 1277 3312 sidefe·

282 3353 387 3406 rantur
407 3352 438 3405 et
459 3351 629 3422 arguantur,
644 3345 787 3423 puniendi
803 3351 881 3418 sunt,
896 3346 939 3405 ita
958 3352 1065 3419 tamen,
1079 3354 1114 3406 ut
1128 3348 1181 3425 qui
1194 3367 1278 3425 nega·

282 3442 360 3501 verit
374 3460 405 3500 se
420 3439 620 3500 Christianum
633 3459 703 3513 esse,
718 3440 807 3518 idque
825 3461 857 3501 re
878 3441 942 3519 ipsa
961 3441 1150 3501 manifestum
1170 3442 1277 3515 fecerit,

283 3536 313 3593 id
328 3540 382 3608 est,
396 3534 588 3612 supplicando
603 3534 661 3593 diis
675 3534 792 3608 nostris,
808 3536 941 3612 quamvis
958 3541 1109 3614 suspectus
1123 3536 1156 3594 in
1170 3543 1277 3614 praete

283 3629 375 3687 ritum
389 3628 486 3699 fuerit,
500 3628 615 3687 veniam
633 3650 670 3687 ex
688 3628 868 3705 paenitentia
884 3629 1032 3707 impetret.
1074 3629 1145 3691 Sine
1163 3636 1277 3690 auctore

283 3740 353 3780 vero
376 3720 518 3797 propositi
539 3720 641 3793 libelli,
667 3722 749 3781 nullo
777 3722 899 3783 crimine
926 3724 1023 3783 locum
1041 3722 1147 3785 habere
1169 3725 1276 3785 debent

285 3814 363 3871 Nam
376 3819 407 3872 et
420 3814 539 3889 pessimi
552 3816 685 3894 exempli,
701 3836 753 3876 nec
768 3816 862 3876 nostri
875 3818 983 3878 saeculi
997 3824 1051 3898 est.
