2784 4242
163 209 296 274 clais]
362 203 517 268 adversus
542 202 659 269 Gentes
671 215 737 286 pro
762 203 971 271 Christianis.
1127 220 1168 285 23

566 550 702 611 CAPUT
722 551 779 614 VI.

210 708 303 768 Nunc
331 707 543 786 religiosissimi
571 709 670 786 legum
693 714 724 768 et
751 709 1171 799 paternorumdinstitutorum

167 813 349 886 protectores
375 813 407 866 et
432 798 562 896 bultpres
589 806 785 885 respondeant
807 807 897 867 velim
921 807 957 868 de
981 829 1034 876 sua
1060 808 1117 867 fide
1141 814 1172 866 et

167 907 279 965 bonore
299 909 329 964 et
350 905 487 983 obsequio
505 926 575 984 erga
595 907 739 981 majcpum
758 904 899 990 consulta,
914 900 972 979 sia
985 907 1067 969 nullo
1081 906 1172 967 desci-

167 1009 286 1087 verupt,
301 1004 326 1064 si
340 1004 373 1061 in
387 1004 468 1063 nullo
482 1004 731 1087 exorbitavepunt,
746 1004 771 1063 si
787 1024 847 1063 nen
861 1005 1024 1066 necessaria
1037 1008 1069 1065 et
1080 1006 1196 1084 aptis-5

169 1103 244 1162 sim
279 1121 409 1193 quaeque
436 1093 606 1191 disciplinae
634 1101 888 1192 oblitteraverunt
938 1100 1075 1187 Quonam
1105 1104 1172 1162 illae

168 1202 248 1280 leges
268 1199 416 1277 abierunt»
426 1208 575 1277 sumptum
595 1207 625 1261 et
646 1200 835 1303 ambitionem
849 1202 1079 1280 comprimentes,
1097 1223 1173 1280 quae

80 1328 83 1333 >
121 1348 123 1352 ,
171 1305 291 1359 centum
309 1292 377 1358 aera
397 1319 456 1357 non
476 1278 602 1376 emplius
620 1296 653 1357 in
671 1319 773 1358 cenam
792 1299 935 1359 subscribi
953 1300 1106 1377 jubebant,
1120 1320 1173 1359 nec

172 1396 299 1475 amplius
311 1417 402 1474 quam
414 1417 506 1456 unam
519 1397 623 1475 inferri
635 1384 784 1475 gallinam,
796 1402 826 1457 et
839 1418 904 1457 eam
916 1419 976 1457 non
989 1395 1173 1476 saginatam

172 1480 257 1574 quae
269 1495 436 1573 patricium,
461 1493 544 1572 quod
560 1496 659 1554 decem
682 1495 780 1573 pondo
800 1496 918 1574 argenti
941 1495 1099 1569 habuisset,
1120 1517 1174 1574 pro
1186 1523 1216 1557 10

173 1614 280 1671 magno
293 1593 384 1654 titulo
397 1591 566 1653 ambitionis
585 1598 688 1677 senatu
709 1594 948 1667 summovebant;
969 1615 1045 1673 quae
1060 1595 1176 1654 theatra

174 1693 345 1775 stuprandis
358 1692 488 1778 mpribus
501 1691 628 1752 orientia
645 1690 748 1752 statim
761 1691 952 1752 destruebant
959 1712 968 1766 ;
991 1713 1065 1771 quae
1079 1693 1175 1770 digni·

98 1783 101 1791 ’
173 1796 272 1851 tatum
299 1796 330 1850 et
357 1789 546 1862 honestorum
573 1789 719 1850 natalium
745 1779 874 1880 insignia
898 1811 959 1850 non
982 1795 1100 1883 temere,
1125 1812 1177 1850 neo
1192 1867 1210 1881 .
1236 1857 1256 1874 .
1287 1850 1299 1863 ,

173 1881 294 1967 impune
324 1889 460 1972 usmwi
494 1879 652 1955 sindbantl
701 1888 796 1971 Video
826 1888 904 1948 enim
932 1895 978 1951 ets
996 1883 1177 1949 centenarias

173 2006 269 2080 cenas,
284 2008 302 2046 a
315 1987 445 2070 centenis
456 1989 517 2064 jam
531 1986 673 2073 sestertiis
691 1986 837 2099 dicepdas,
856 1992 890 2065 et
904 1986 937 2046 in
951 1987 1047 2048 lances
1062 1987 1178 2067 (parum
1189 2011 1219 2062 15

173 2092 220 2146 est
235 2083 341 2169 [enim]
357 2085 382 2146 si
396 2091 566 2173 senatorum
578 2091 608 2145 et
623 2105 683 2144 non
696 2085 904 2157 libertinorum
914 2076 964 2146 “vel
977 2087 1072 2146 adhuc
1087 2087 1180 2163 flagra

210 2257 233 2309 5.
250 2245 490 2294 exorbitaverunt
527 2241 683 2292 Orditcz‘a
693 2238 858 2302 wheel·rut';
879 2241 1099 2294 batismate
1110 2249 1181 2306 stray

174 2317 241 2367 from
255 2318 300 2367 the
317 2316 417 2366 defined
435 2314 515 2380 path,’
526 2318 570 2366 ‘to
586 2314 705 2365 desiste!
738 2316 792 2365 The
808 2316 879 2366 word
898 2333 983 2366 recuro
999 2317 1075 2381 cb.9,
1089 2316 1128 2380 16,
1141 2330 1181 2365 20.

175 2393 263 2456 Comp.
278 2391 363 2441 Sidon.
374 2391 488 2456 Apollin
500 2390 568 2455 Epp.
585 2391 639 2440 viii.
653 2403 691 2452 11,
704 2393 735 2440 ‘a
744 2389 883 2440 catholicae
896 2391 957 2441 fidei
971 2393 1067 2457 regulis
1081 2394 1181 2442 exorbi-

175 2464 262 2526 tarsu
285 2465 337 2515 and
354 2466 424 2517 Tert.
441 2466 499 2515 ado.
520 2465 605 2517 Marc.
624 2465 661 2514 iii.
679 2478 710 2526 23
735 2466 767 2515 de
780 2465 893 2529 pudicis.
911 2466 936 2527 8,
958 2469 988 2516 ‘a
1005 2483 1066 2516 vero
1084 2468 1181 2518 lumine

176 2537 340 2592 exorbitent’

213 2625 234 2678 7.
251 2618 329 2673 leges
340 2616 473 2664 abierunt
483 2619 628 2672 sumptum
638 2619 667 2663 et
678 2617 865 2665 ambitionem
876 2617 1104 2674 comprimentes.
1128 2617 1182 2667 The
1240 2603 1245 2613 ¹

178 2689 223 2739 old
240 2694 387 2752 sumptum-y
404 2688 468 2737 lawe
485 2688 538 2751 (tec
554 2688 669 2746 Faucia,
686 2687 724 2737 les
741 2687 862 2749 Manu)
879 2703 946 2737 were
964 2689 1050 2753 partly
1066 2689 1183 2754 repeated

177 2762 231 2812 and
246 2763 331 2827 partly
342 2761 488 2833 resne&
504 2762 540 2826 by
550 2762 700 2826 Augustum
715 2761 818 2811 Sueton.
835 2761 922 2812 Oetae.
939 2774 980 2825 34,
992 2762 1076 2826 ‘leges
1089 2768 1183 2813 retrac-

176 2838 254 2898 tavit,
269 2843 295 2887 et
310 2837 432 2901 quasdam
447 2853 477 2886 ex
491 2837 592 2900 integro
607 2834 702 2898 sanxit,
714 2841 743 2885 ut
756 2837 939 2901 sumptuariam
951 2874 957 2887 .
969 2875 976 2889 ,
989 2874 995 2887 .
1007 2838 1040 2886 de
1055 2835 1184 2896 ambitn'3

176 2929 257 2977 comp.
269 2913 328 2962 Val.
342 2912 413 2963 Man
426 2912 454 2963 ii.
465 2926 490 2976 4
522 2910 635 2962 Ambitio
648 2912 709 2961 here
722 2933 744 2952 =
760 2913 943 2962 ‘ostentatione
958 2911 1071 2977 display'
1079 2929 1086 2974 ;
1102 2914 1184 2962 below

177 2987 217 3038 ch.
239 2996 263 3050 7,
282 2989 500 3051 ‘quantacumque
517 2986 564 3036 illa
583 2985 722 3035 ambitione
740 2985 833 3035 diffuse
854 2983 905 3048 eit,'
925 2986 947 3035 it
967 3002 1027 3049 may
1045 3007 1068 3028 =
1079 2986 1183 3048 ombus,

180 3061 286 3111 ‘circuit
293 3057 316 3121 ';
333 3077 361 3110 or
371 3061 432 3109 bear
442 3059 488 3109 the
499 3075 572 3109 sense
582 3060 611 3108 oi
619 3062 708 3124 ‘great
718 3056 848 3119 exertion‚'
860 3076 888 3110 as
900 3060 928 3108 in
938 3061 1009 3110 Just.
1020 3061 1038 3110 i.
1051 3071 1074 3121 3.

212 3136 236 3185 8.
256 3136 411 3184 subscribi:
434 3135 476 3183 ‘to
491 3133 524 3183 be
538 3131 676 3194 allowed'3
698 3149 715 3182 a
731 3134 868 3183 non-class.
886 3149 931 3183 use
947 3149 1064 3183 common
1079 3133 1108 3182 in
1124 3133 1184 3181 Ter-

179 3210 289 3263 tullien:
306 3225 386 3274 comp.
397 3209 437 3258 ch.
452 3208 489 3268 18,
500 3208 564 3258 ‘hoo
580 3223 687 3272 quoquex
696 3207 844 3258 Ptolemaeo
858 3223 875 3257 a
890 3209 909 3258 J
912 3207 1000 3257 udeeis
1016 3207 1185 3272 subscriptum

179 3280 234 3334 est'
241 3299 249 3343 ;
267 3282 297 3332 de
307 3280 490 3346 oir9.oel.10;
507 3280 537 3331 ds
548 3283 627 3331 caim.
639 3295 679 3343 40.

215 3371 254 3410 10.
271 3372 343 3415 quoe
355 3359 515 3414 patricium.
539 3355 669 3405 Cornelius
680 3355 797 3415 Rufinus,
806 3354 864 3405 who
872 3369 925 3404 was
936 3353 1053 3418 expelled
1064 3353 1129 3404 from
1139 3355 1185 3404 the

180 3433 273 3482 Senate
284 3433 319 3496 by
329 3431 375 3487 the
386 3432 481 3481 Censor
489 3430 636 3492 Fabricius;
653 3430 713 3479 Vel.
725 3430 797 3480 Max.
808 3430 835 3478 ii.
846 3443 870 3493 9.
881 3424 905 3493 4,

247 3509 374 3565 argenti:
392 3505 436 3556 ‘of
448 3503 532 3570 plats?
574 3504 639 3554 Five
652 3505 752 3570 pounds
763 3519 816 3553 was
826 3504 871 3554 the
885 3503 1025 3554 maximnm
1040 3503 1184 3568 permitted,

181 3581 249 3630 Plin.
261 3581 323 3630 Nat.
335 3581 408 3629 Hos.
420 3580 508 3629 xxxiii.
520 3592 560 3643 50.

247 3669 300 3712 pro
310 3668 414 3713 magno
425 3656 512 3703 titulo
526 3655 702 3705 ambitionis.
742 3651 790 3702 See
801 3656 873 3702 notes
885 3668 919 3701 on
929 3651 1029 3714 ossam,
1040 3651 1080 3701 ch.
1094 3666 1118 3713 2,
1129 3667 1169 3714 44.

219 3741 256 3792 15.
272 3734 427 3786 parumest
439 3732 479 3778 si:
496 3727 534 3777 ‘it
544 3743 611 3777 were
622 3725 650 3776 of
658 3727 727 3776 little
738 3732 851 3776 moment
865 3726 887 3775 if
898 3763 904 3777 .
917 3762 923 3775 .
936 3723 958 3776 .'

217 3801 256 3853 16.
272 3806 488 3854 libertinorum:
504 3805 512 3831 ‘
519 3799 673 3863 freedmen’3
684 3801 828 3851 Tertullian
835 3802 906 3866 gives
915 3816 949 3851 an
957 3800 1073 3851 instance
1081 3799 1111 3850 de
1117 3797 1188 3864 pall.
