2784 4242
130 220 309 285 cmxxvi]
352 212 511 277 adversus
535 210 653 275 Gentes
667 222 732 294 pro
757 205 966 277 Christianis.
1090 227 1131 293 97

129 385 302 444 debuerant.
345 383 403 443 Sed
422 382 472 460 qui
494 382 568 441 nihil
588 381 732 454 sentiunt,
743 388 807 441 tum
826 381 947 459 impune
966 380 1132 452 laeduntur,

128 503 220 561 quam
233 484 343 541 frustra
357 482 501 542 coluntur.
545 481 634 541 Certe
647 501 707 540 non
723 486 820 559 potest
833 480 902 540 fidei
920 480 1084 551 convenire,
1098 484 1135 540 ut

128 581 283 659 religionis
299 580 415 640 meritis
433 579 594 640 excrevisse
615 579 779 653 videantur,
796 579 856 658 qui,
871 585 908 639 ut
926 578 1134 658 suggessimus,

127 679 300 757 religionem
321 684 374 738 aut
393 678 534 737 laedendo
554 685 718 749 creverunt,
732 684 785 739 uut
805 680 958 738 crescendo
976 679 1133 737 laeserunt.

128 778 232 838 Etiam
253 775 308 849 illi,
330 797 454 855 quorum
474 797 563 854 regns
583 777 710 838 conflata
731 783 800 837 sunt
821 776 854 835 in
873 776 990 854 imperii
1010 774 1157 837 Romani5

129 897 284 948 summam,
299 897 365 937 cum
379 897 413 936 ea
427 875 608 947 omitterent,
623 876 686 935 sine
700 875 892 954 religionibus
906 896 965 935 non
978 876 1125 950 fuerumt..

500 1144 636 1204 CAPUT
656 1142 767 1204 XXVI.

172 1294 296 1352 V1nn'rn
316 1293 411 1371 igitur
431 1313 468 1353 ne
488 1295 539 1353 ille
559 1313 650 1371 regna
664 1293 822 1371 dispenset,
837 1293 920 1372 cujus
940 1301 985 1354 est
1006 1301 1037 1354 st
1058 1295 1137 1354 orbis

128 1392 183 1471 qui
199 1391 356 1469 regnetur,
364 1398 395 1452 et
408 1391 494 1451 homo
506 1393 568 1470 ipse
583 1394 635 1470 qui
649 1399 772 1470 regnat3
795 1412 832 1452 ne
842 1392 902 1452 ille
914 1393 993 1453 vices
1006 1394 1138 1453 domina-

126 1493 248 1551 tionum
261 1490 333 1570 ipsis
346 1492 528 1569 temporibus
544 1491 576 1549 in
590 1492 704 1551 saeculo
718 1491 875 1565 ordinarit,
890 1493 943 1569 qui
963 1498 1034 1552 ante
1051 1512 1137 1552 omne
1148 1522 1179 1558 10

128 1598 249 1667 tempus
273 1589 333 1648 fuit
356 1594 388 1649 et
412 1591 559 1649 saeculum
583 1610 690 1667 corpus
714 1596 882 1668 temporum
907 1589 992 1663 leoit;
1025 1610 1062 1649 ne
1086 1590 1137 1649 ille

128 1688 268 1749 civitates
288 1688 411 1747 extollat
431 1695 486 1747 aut
504 1688 657 1766 deprimat,
672 1690 728 1747 sub
742 1710 800 1766 quo
816 1689 874 1749 fuit
895 1689 1054 1767 aliquando
1075 1689 1138 1749 sine

129 1786 306 1848 civitatibus
327 1807 419 1863 genus
444 1786 602 1847 hominum.
652 1787 734 1861 Quid
754 1790 880 1847 ematisl
905 1789 989 1866 prior
1007 1793 1053 1848 est
1073 1788 1138 1865 qui·

128 1887 258 1947 busdam
268 1886 325 1945 diis
340 1885 400 1945 suis
414 1885 559 1946 silvestris
569 1887 662 1945 Rome
670 1907 679 1959 3
700 1893 768 1946 ante
778 1887 912 1966 regnavit
923 1908 1010 1965 quam
1021 1895 1138 1946 tantum

130 1987 280 2047 ambitum
308 1984 448 2063 Capitolii
475 1992 647 2044 exstrueret.
690 1985 900 2064 Regnaverant
927 1990 958 2044 et
982 1985 1139 2063 Babylonii
1150 2013 1178 2063 15

131 2091 204 2146 ante
228 2083 389 2162 pontifices,
414 2090 445 2143 et
469 2083 551 2142 Medi
574 2089 644 2143 ante
666 2084 921 2161 quindecimviros,
944 2092 974 2143 et
998 2084 1140 2162 Aegyptii

131 2187 204 2243 ante
233 2182 336 2252 Salios,
359 2187 389 2241 et
413 2181 530 2258 Assyrii
556 2188 626 2241 ante
653 2182 808 2259 Lupercos,
831 2187 862 2241 et
885 2183 1047 2242 Amazones
1070 2190 1140 2243 ante

131 2281 266 2358 virgines
285 2281 427 2340 Vestales.
467 2279 631 2350 Postremo,
653 2280 678 2339 si
701 2281 848 2340 Romanae
872 2281 1027 2359 religiones
1049 2302 1140 2360 regna

132 2385 297 2461 praestant,
311 2400 470 2457 numquam
489 2385 570 2439 retro
584 2379 604 2437 J
606 2379 699 2439 udaea
718 2385 870 2457 regnasset
884 2381 1050 2459 despectrix
1063 2401 1140 2441 oom-

132 2480 271 2541 munium
293 2478 417 2538 istarum
441 2477 640 2548 divinitatum,
665 2481 750 2555 cujus
773 2486 804 2538 et
831 2480 928 2538 Deum
950 2480 1086 2552 victimis,
1108 2486 1181 2539 et20

132 2655 307 2707 synonymous
318 2638 382 2688 with
393 2638 526 2701 liemare,
536 2641 686 2702 propitiare,
698 2640 778 2689 colere
784 2660 795 2697 ,·
814 2655 855 2690 see
866 2640 935 2691 Seru.
948 2642 984 2691 ad
995 2641 1067 2704 Verg.
1079 2641 1138 2691 Aeo.

131 2716 150 2765 i.
166 2726 231 2780 7c4;
248 2714 315 2761 Non
328 2712 408 2761 Marc.
423 2713 462 2774 58.
475 2725 513 2761 π.

167 2800 194 2856 r.
215 2791 273 2836 sed
283 2789 334 2845 qui
344 2788 421 2833 nihil
433 2788 570 2835 sentiunt.
605 2786 690 2850 Comp.
703 2787 743 2837 ch.
755 2800 793 2837 12.

171 2876 195 2923 3.
212 2867 246 2910 ut
258 2862 457 2918 suggessimus.
490 2860 576 2923 Oomp.
589 2859 629 2909 ch.
642 2862 682 2920 18,
694 2865 762 2909 note.

174 2949 212 2985 11.
230 2935 376 2983 saeculum
391 2947 494 2989 corpus
511 2938 688 2990 temporum:
707 2935 765 2983 ‘the
781 2950 869 2985 course
883 2933 912 2983 ot
925 2934 976 2983 this
990 2935 1079 2993 world,
1095 2935 1140 2984 the

131 3009 311 3061 embodiment
322 3007 350 3055 of
358 3007 435 3055 times
446 3006 497 3054 und
508 3022 607 3055 reasons
621 3008 672 3056 and
683 3006 790 3057 events!
823 3009 871 3057 See
882 3012 951 3068 note,
963 3008 1001 3057 ch.
1014 3008 1051 3056 18.

174 3096 213 3145 14.
231 3083 372 3130 silvestris
384 3083 482 3129 Roma.
516 3081 560 3143 Cp.
576 3080 650 3144 Verg.
662 3081 723 3132 Aer.
735 3082 789 3132 viii.
803 3082 884 3145 347ff.

175 3170 214 3220 15.
232 3157 372 3205 ambitum
384 3156 526 3211 capitolii.
554 3153 681 3218 Alluding
692 3160 721 3203 to
734 3155 778 3204 the
791 3156 893 3204 earliest
905 3156 1033 3204 enclosure
1044 3154 1072 3203 of
1080 3155 1140 3203 Tar-

132 3231 242 3298 quinius
253 3228 363 3287 Priscus,
376 3227 455 3276 sbout
465 3239 514 3277 isc.
526 3226 582 3275 600.

207 3306 373 3352 exstrueret.
407 3300 462 3349 The
473 3301 547 3349 MSS.
559 3301 595 3349 all
606 3301 667 3350 read
677 3304 851 3351 esstmeretcr.

174 3377 215 3427 16.
232 3378 482 3435 quindecimviros.
515 3375 569 3424 The
581 3375 698 3432 ‘fifteen'
714 3382 742 3425 to
759 3377 843 3424 whom
860 3391 913 3425 was
931 3374 1079 3425 committed
1096 3376 1142 3425 the

133 3469 198 3505 care
209 3451 237 3500 of
245 3451 291 3499 the
301 3450 426 3513 Sibyllino
436 3448 521 3497 books.

176 3538 215 3591 17.
235 3527 336 3574 Salios.
361 3523 416 3572 The
424 3522 486 3571 Salii
495 3538 561 3571 were
572 3537 588 3570 a
599 3521 694 3585 college
706 3521 734 3571 of
741 3522 832 3586 priests
841 3527 869 3572 at
878 3523 957 3573 Rome
964 3521 1097 3572 dedicated
1107 3524 1142 3587 by

134 3602 229 3655 Nums
240 3603 268 3648 to
278 3598 324 3646 the
334 3597 429 3646 service
441 3596 468 3644 of
476 3596 560 3656 Murs;
577 3596 633 3645 Liv.
645 3597 663 3644 i.
677 3609 715 3645 ao.

207 3674 360 3729 Lupercos.
393 3670 448 3719 The
459 3671 551 3733 priests
562 3670 590 3717 of
597 3669 642 3718 the
653 3669 756 3733 Lycean
767 3668 830 3718 Pan.

207 3750 375 3796 Amazones.
406 3744 460 3793 The
471 3742 576 3792 warlike
584 3758 683 3792 women
694 3742 722 3791 of
730 3742 775 3792 the
785 3744 855 3792 river
865 3743 1031 3794 Thermodon.
1055 3745 1141 3807 Oomp.

136 3825 219 3886 Verg.
230 3822 297 3870 Aen.
309 3818 344 3868 xi.
356 3817 414 3881 659.

629 3910 655 3955 Η
