2784 4242
263 233 305 294 80
542 233 743 300 Tertulliani
762 234 985 317 Apologeticas
1108 243 1181 308 [en.
1193 248 1262 296 xxi.

261 406 407 465 Caesarea.
449 406 595 484 Discipuli
608 427 726 485 quoque
740 407 839 466 diffusi
857 428 911 485 per
925 408 1033 479 orbem,
1049 428 1085 466 ex
1104 414 1263 486 praecepto

260 505 394 582 magistri
408 503 465 564 Dei
478 512 648 583 paruerimt,
663 507 716 584 qui
735 512 766 566 et
784 506 842 585 ipsi
860 528 879 566 a
896 508 917 565 J
919 507 1019 567 udaeis
1037 507 1262 584 insequentibus

261 605 354 664 multa
374 605 512 682 perpessi,
531 606 634 684 ntique
652 626 707 683 pro
726 605 834 665 fiducia
847 606 981 665 veritatis
1001 606 1134 677 libenter,
1153 606 1262 665 Romae

261 708 407 782 postremo
428 711 484 782 'per
510 705 637 764 Neronis
661 704 825 774 saevitiam,
853 704 1025 781 sanguinem
1058 693 1261 763 Christianum

238 802 488 875 5seminaverunt.
549 803 607 863 Sed
638 802 867 862 monstrabimus
896 802 981 861 vobis
1016 804 1137 862 idoneos
1172 808 1263 862 testes

262 900 381 973 Christi,
402 901 481 978 ipsos
503 902 567 960 illos
588 922 659 980 quos
679 901 819 961 adoratis.
861 902 990 960 Multum
1015 896 1069 973 est,
1091 902 1117 960 si
1142 922 1192 960 sos
1211 902 1263 960 ad-

261 1000 377 1058 hibeam
401 1009 435 1059 ut
458 1001 585 1060 credatis
610 1000 794 1073 Christianis,
820 1006 941 1077 propter
966 1021 1038 1078 quos
1063 1020 1121 1058 non
1145 1001 1263 1059 creditis

263 1099 448 1159 Christianis,
507 1123 509 1126 ·

302 1198 428 1257 Interim
448 1198 495 1257 hic
516 1206 561 1257 est
578 1200 649 1257 ordo
667 1206 782 1258 nostrae
799 1198 1005 1269 institutionis,
1020 1197 1097 1257 hunc
1118 1199 1263 1258 edidimus

225 1301 293 1362 roet
313 1302 407 1357 sectae
428 1304 458 1356 et
478 1297 604 1355 nominis
625 1315 746 1355 censum
767 1318 833 1355 oum
853 1317 906 1355 suo
922 1304 1048 1356 auctore.
1089 1298 1185 1356 Nemo
1201 1299 1263 1375 jam

262 1395 410 1454 infamiam
434 1396 566 1467 incutiat,
590 1416 675 1453 nemo
699 1395 781 1454 aliud
805 1396 963 1466 existimet,
985 1394 1055 1473 quia
1076 1416 1130 1454 neo
1153 1396 1196 1455 fas
1218 1402 1263 1455 est

262 1494 316 1552 ulli
332 1495 369 1552 de
386 1515 439 1571 sua
457 1494 597 1569 religione
617 1494 746 1554 mentiri.
788 1494 834 1552 Ex
852 1514 887 1552 eo
905 1494 992 1564 enim,
1007 1494 1086 1571 quod
1104 1494 1188 1553 aliud
1202 1515 1220 1553 a
1234 1516 1263 1553 se
1358 1513 1359 1522 ¹

262 1594 318 1653 coli
345 1593 424 1664 dicit,
450 1614 538 1671 quam
565 1592 643 1664 colit,
671 1599 761 1670 negat
788 1593 866 1671 quod
894 1592 973 1663 colit,
1001 1598 1031 1651 et
1059 1593 1205 1653 culturam
1233 1599 1263 1652 et

263 1693 398 1751 honorem
412 1692 445 1750 in
460 1691 587 1749 alterum
604 1693 758 1763 transfert,
769 1697 800 1750 et
815 1690 1017 1749 transferendo
1033 1691 1095 1768 jam
1115 1712 1175 1750 non
1193 1692 1264 1749 colit

225 1791 341 1876 15quod
365 1790 492 1867 negavit.
535 1788 676 1862 Dicimus,
702 1798 733 1848 et
756 1790 855 1867 palam
879 1788 1013 1863 dicimus,
1039 1797 1069 1848 ct
1093 1791 1177 1849 vobis
1201 1797 1263 1849 tor-

264 1889 421 1967 quentibus
445 1888 565 1947 lacerati
590 1895 620 1947 et
644 1888 760 1948 cruenti
782 1889 991 1948 vociferamur:
1023 1888 1120 1947 Deum
1144 1889 1264 1948 colimus
1358 1967 1359 1976 ἶ

263 2010 317 2066 per
331 1988 491 2048 Christum.
533 1987 624 2046 Illum
641 1987 787 2045 hominem
803 1992 914 2064 putate,
930 2008 984 2064 per
998 2008 1064 2045 eum
1081 1983 1162 2046 et‘in
1181 2008 1215 2046 eo
1234 2008 1265 2047 se
1358 1985 1359 1994 ¹

264 2087 397 2166 cognosci
411 2088 476 2146 vult
495 2086 575 2145 Deus
589 2092 618 2144 et
633 2086 698 2144 coli.
741 2087 786 2146 Ut
804 2091 904 2145 autem
921 2087 941 2145 J
944 2086 1044 2144 udaeis
1064 2087 1263 2163 respondeam,
1358 2157 1359 2166 χ

264 2192 294 2245 et
321 2186 378 2261 ipsi
406 2185 503 2243 Deum
528 2205 581 2262 per
610 2182 929 2266 [hominem].Moysen
957 2185 1050 2244 colere
1078 2185 1263 2257 didicerunt3
1358 2249 1359 2272 ¹

225 2290 299 2355 20ut
323 2284 444 2343 Graecis
471 2304 628 2356 occurram,
656 2282 792 2361 Orpheus
816 2282 937 2355 Pieriae,
962 2284 1102 2342 Musaeus
1126 2283 1264 2354 Athenis,
1358 2303 1359 2308 ’

266 2517 333 2559 aver,
341 2500 373 2549 ba
383 2499 479 2561 merely
490 2499 604 2563 drawing
616 2500 743 2549 attention
750 2505 778 2548 to
789 2500 833 2548 the
844 2499 1081 2563 irreconcileability
1091 2501 1120 2548 of
1128 2501 1173 2549 tha
1184 2502 1265 2565 impe·
1358 2519 1359 2570 j

265 2575 314 2626 rial
324 2574 432 2638 position
443 2573 494 2621 and
504 2573 643 2634 character,
655 2574 753 2637 though
764 2574 951 2637 indispensable
961 2580 989 2622 to
1000 2574 1044 2622 the
1056 2574 1176 2639 stability
1187 2576 1214 2624 of
1220 2576 1265 2624 the
1358 2573 1359 2628 l

267 2666 322 2715 age,
333 2649 397 2698 with
408 2648 453 2696 the
464 2648 592 2696 Christian
603 2647 669 2697 saith
682 2648 844 2711 (Woodham,
856 2652 916 2696 note
927 2647 962 2696 ad
975 2646 1046 2711 loe.).

300 2744 324 2791 4
340 2729 506 2783 sanguinem
519 2730 711 2775 Christianum
722 2730 948 2776 seminaverunt:
966 2741 1045 2789 comp.
1059 2725 1098 2775 oh
1111 2740 1151 2789 50,
1164 2731 1265 2776 ‘semen

267 2809 308 2854 eat
319 2803 420 2867 sanguis
431 2800 647 2850 Christianorum?

269 2897 273 2903 ·
302 2892 324 2942 5.
342 2879 560 2928 monstrabimus
576 2879 667 2926 vobis.
685 2859 844 2925 ‘Tertullian
860 2875 964 2926 devotos
981 2875 1026 2923 the
1044 2876 1117 2924 three
1134 2876 1265 2940 following
1358 2917 1359 2922 ,

267 2954 384 3017 chapters
395 2958 422 3000 to
435 2952 561 3014 adducing
571 2952 617 2999 the
627 2951 766 3014 testimony
776 2950 804 2999 of
812 2950 857 2999 the
868 2951 987 2999 daemona
998 2954 1026 2998 to
1037 2950 1134 3002 Christ.-

301 3027 324 3077 6.
344 3029 470 3074 Multum
482 3031 533 3084 est,
546 3026 579 3073 si.
613 3025 689 3073 ‘Itis
702 3029 800 3088 agreat
811 3024 883 3087 point
893 3028 922 3073 to
934 3039 995 3086 urge
1006 3022 1029 3070 if
1044 3057 1051 3073 .
1068 3059 1076 3074 .
1091 3021 1109 3076 ,‘
1358 3047 1359 3050 =

303 3112 326 3166 7.
345 3102 519 3152 Christianis.
553 3099 581 3146 If
599 3099 742 3147 enatant
760 3099 792 3147 ba
811 3098 880 3158 read,
897 3098 942 3146 the
961 3101 1054 3145 constr.
1073 3097 1095 3145 is
1117 3102 1146 3147 at
1165 3096 1265 3161 [fiatis]
1358 3153 1359 3156 Ἴ

269 3176 414 3244 Christiani
426 3173 472 3238 [et]
485 3172 605 3222 credatis.

304 3264 342 3299 10.
360 3263 489 3299 censum:
507 3263 549 3297 see
560 3254 629 3308 note,
641 3247 681 3296 oh.
694 3256 716 3310 7.
725 3287 727 3291 ,

304 3337 342 3371 11.
360 3326 427 3380 quia
440 3336 492 3371 nec
508 3325 550 3370 fas
564 3328 614 3382 est,
628 3323 712 3370 ‘since
728 3322 750 3371 it
764 3322 786 3370 is
800 3320 827 3370 oi
841 3337 928 3370 course
944 3315 1116 3383 impossible’:
1134 3325 1162 3368 to
1177 3321 1213 3372 lia
1227 3337 1267 3386 re·
1358 3333 1359 3384 g

269 3399 383 3462 specting
394 3397 461 3445 one’s
472 3397 612 3459 religionis
623 3396 761 3459 iprofauto
773 3400 800 3443 to
811 3410 882 3443 cesse
893 3400 921 3443 to
931 3396 1024 3457 belong
1034 3399 1062 3442 to
1072 3394 1101 3442 it.

304 3485 342 3520 20.
361 3474 491 3527 Orpheus
503 3472 622 3522 Pieriae.
655 3469 733 3518 After
742 3469 782 3517 his
793 3474 882 3517 return
892 3469 957 3517 from
968 3469 1013 3517 the
1024 3468 1182 3531 Argonautis
1194 3484 1265 3531 expe·

269 3546 353 3594 dition
364 3545 487 3607 Orpheus,
499 3545 633 3607 according
643 3548 671 3591 to
681 3543 727 3592 the
743 3543 825 3607 myth,
838 3542 932 3591 settled
948 3543 976 3591 in
992 3542 1085 3598 Pieria,
1103 3558 1118 3590 a
1134 3543 1223 3605 region
1240 3541 1268 3592 of

271 3618 431 3675 Macedonia,
442 3617 494 3665 and
504 3618 597 3680 taught
607 3616 652 3668 the
663 3617 821 3666 inhabitants
832 3616 876 3665 the
888 3622 940 3665 arta
951 3616 979 3665 of
988 3615 1150 3668 civilization.
1358 3673 1359 3676 Ἴ

338 3683 471 3738 Musaeus
482 3692 619 3742 Athenis:
636 3706 652 3739 a
663 3690 875 3754 semi-legendary
885 3691 969 3739 Greek
981 3695 1040 3753 poet
1056 3690 1085 3738 of
1099 3690 1144 3738 the
1161 3690 1224 3738 time
1240 3689 1268 3739 of
1358 3707 1359 3770 ,

272 3762 394 3825 Orpheus,
406 3763 490 3812 whose
501 3764 675 3826 compositione
685 3765 786 3813 treated
797 3764 825 3812 of
832 3764 877 3813 the
888 3765 979 3828 mystic
989 3764 1051 3814 uites
1064 3764 1092 3812 oi
1100 3764 1227 3827 Dionysus
1238 3771 1267 3814 at

273 3836 391 3895 Eleusis3
407 3836 494 3886 Cicero
506 3837 535 3886 de
546 3839 600 3885 aas.
613 3836 680 3888 deor.
692 3838 709 3886 i.
723 3850 760 3900 15.
773 3851 815 3899 41.
