2784 4242
261 223 303 308 96
536 223 737 290 Tertulliani
757 223 982 306 Apologeticus
1095 232 1274 298 [cmxxv.

259 403 313 458 aut
332 395 495 457 simulacris
516 401 568 455 aut
589 394 707 473 templis
730 415 777 456 res
801 395 902 456 divina
920 395 1001 472 apud
1022 395 1170 455 Romanos
1191 414 1275 454 oon-

261 496 376 567 stabat3
398 494 478 571 frugi
501 493 606 571 religio
625 500 657 553 et
678 512 822 572 pauperes
843 492 930 566 ritus,
954 499 985 553 et
1009 493 1092 552 nulla
1115 493 1275 570 Capitolia
1373 517 1374 554 3

261 594 403 655 certantia
422 594 511 665 caelo,
536 595 587 653 sed
613 593 770 653 temeraria
790 592 827 651 de
850 591 979 670 caespite
1000 592 1117 664 altaria,
1139 599 1170 650 et
1191 611 1276 652 vasa

260 692 356 752 adhuc
369 691 475 764 Samia,
489 696 520 751 et
533 691 620 750 nidor
638 709 674 750 ex
687 690 755 762 illis,
770 695 800 749 at
814 690 886 749 deus
902 689 964 767 ipse
983 709 1138 766 nusquam.
1180 689 1275 748 Non-

237 792 331 877 5dum
345 792 422 849 enim
436 796 508 850 tuno
520 787 639 868 ingonia
651 788 831 850 Graecorum
846 794 934 866 atque
942 789 1104 849 Tuscorum
1117 787 1276 865 fingendis

261 890 423 952 simulacris
449 890 553 949 urbem
576 888 799 950 inundaverant.
842 888 923 965 Ergo
949 908 1010 946 nou
1036 893 1107 947 ante
1133 884 1275 963 religiosi

260 980 394 1060 Romani,
418 1008 506 1065 quam
532 987 650 1065 magni;
681 987 805 1065 ideoque
831 1007 891 1047 non
914 986 953 1045 ob
979 985 1035 1046 hoc
1059 986 1167 1064 magni,
1191 986 1275 1063 quia

260 1085 396 1165 religiosi.
422 1103 424 1106 ’
437 1085 532 1164 Atqui
546 1085 690 1165 quomodo
704 1087 742 1146 ob
756 1085 926 1163 religionem
940 1085 1049 1169 magni,
1064 1085 1170 1163 quibus
1183 1105 1273 1163 mag·

260 1186 365 1246 nitudo
389 1185 425 1244 de
448 1183 667 1261 irreligiositate
690 1187 847 1262 provenit?
887 1184 930 1243 Ni
957 1184 1044 1244 fallor
1067 1183 1153 1252 onim,
1177 1204 1276 1244 omme

222 1305 383 1363 10regnum
393 1286 441 1344 vel
454 1284 610 1362 imperium
623 1284 709 1344 bellis
722 1284 875 1361 quaeritur
885 1289 916 1342 et
925 1282 1059 1342 victoriis
1073 1289 1275 1361 propagetur.
1375 1315 1376 1320 κ

262 1384 351 1443 Porro
367 1383 445 1443 bella
461 1391 491 1443 et
504 1382 644 1442 victoriae
665 1382 760 1461 captis
781 1387 812 1441 et
828 1381 935 1441 eversis
955 1381 1118 1460 plurimum
1138 1381 1276 1442 urbibus

260 1487 403 1542 constant.
437 1482 476 1540 Id
489 1481 638 1559 negotium
652 1481 715 1541 sine
725 1482 845 1541 deorum
858 1480 968 1558 injuria
981 1485 1101 1540 nonest
1133 1480 1274 1539 Eaedem

261 1588 371 1659 strages
389 1579 536 1640 moenium
548 1586 579 1640 et
591 1580 775 1657 templorum,
789 1600 874 1658 pares
887 1579 988 1639 caedes
1001 1579 1109 1638 civium
1123 1583 1153 1638 et
1170 1598 1273 1640 sacor-

261 1680 373 1753 dotum‚
392 1701 445 1739 nec
466 1679 622 1739 dissimiles
642 1679 764 1757 rapinae
784 1698 932 1739 sacrarum
951 1677 1123 1742 divitiarum
1143 1681 1175 1736 et
1193 1698 1276 1755 pro·
1376 1701 1377 1708 ¹

223 1782 403 1860 15fanarum.
444 1778 502 1838 Tot
519 1777 615 1855 igitur
632 1778 786 1855 sacrilegia
807 1777 1014 1849 Romanorum,
1031 1782 1103 1855 quot
1123 1780 1273 1854 tropaea;

260 1884 307 1939 tot
325 1879 362 1939 de
383 1878 450 1951 diis,
464 1882 537 1955 quot
550 1877 586 1936 de
604 1877 742 1953 gentibus
760 1876 923 1955 triumphi;
944 1881 992 1936 tot
1011 1876 1175 1948 manubiae,
1190 1885 1275 1953 quot

260 1983 379 2038 manent
392 1977 486 2037 adhuc
500 1976 655 2035 simulacra
665 1977 848 2054 captivorum
862 1976 993 2035 deorum.
1027 1974 1069 2034 Et
1078 1975 1117 2034 ab
1129 1974 1272 2036 hostibus

260 2098 330 2155 ergo
344 2075 404 2137 suis
418 2077 564 2135 sustinent
577 2074 700 2147 adorari,
716 2082 746 2135 et
760 2075 819 2135 illis
840 2073 996 2152 imperium
1015 2074 1077 2134 sine
1091 2073 1149 2133 fine
1164 2074 1271 2133 deoer·

260 2181 345 2249 nunt,
360 2196 487 2254 quorum
507 2172 600 2252 magis
620 2172 741 2251 injurias
755 2195 844 2252 quam
860 2174 1041 2235 adolationes
1061 2193 1270 2233 remunerasse
1377 2205 1378 2244 γ

263 2299 397 2363 ‘religione
409 2296 629 2362 serupulousneas!
662 2296 762 2357 Above‚
774 2297 812 2347 oh.
828 2310 867 2357 23,
878 2296 901 2346 it
915 2296 962 2345 has
975 2295 1021 2345 the
1033 2295 1138 2345 modern
1151 2310 1226 2345 sense
1241 2295 1272 2345 of

264 2375 426 2438 ‘quaintnesa
434 2369 456 2431 ’;
471 2371 561 2433 below,
571 2371 610 2421 ch.
620 2379 661 2434 47,
673 2370 731 2420 that
742 2371 771 2420 ol
779 2377 786 2399 ⁴
793 2371 962 2420 meddleaome
972 2371 1064 2434 fancy?

298 2461 320 2496 a.
336 2449 413 2504 frugi
428 2448 537 2505 religio.
578 2446 633 2495 The
649 2446 692 2494 old
709 2446 809 2494 Roman
824 2445 931 2508 religion
947 2461 1000 2494 was
1019 2444 1129 2508 hemely,
1146 2444 1199 2493 and
1218 2444 1268 2493 tha

262 2520 354 2570 deities
364 2536 431 2568 were
440 2520 502 2582 gods
514 2519 542 2569 oi
549 2519 710 2578 households,
721 2519 750 2568 of
757 2519 838 2578 fields,
850 2517 879 2568 ol
885 2520 978 2569 woods.
1011 2518 1097 2581 Gomp.
1109 2518 1155 2567 the
1167 2518 1266 2567 section

262 2596 295 2644 de
297 2593 466 2659 frugalitate,
479 2594 535 2643 Vol.
548 2592 617 2643 Max.
630 2594 658 2642 ii.
669 2606 693 2657 5.
728 2594 767 2643 On
780 2591 825 2642 the
840 2593 968 2642 healthier
980 2593 1031 2641 and
1044 2608 1121 2656 parer
1131 2592 1266 2642 character

263 2669 291 2718 of
295 2669 340 2719 the
348 2667 391 2716 old
399 2667 499 2715 Roman
506 2667 613 2732 religion
621 2684 663 2716 see
670 2667 776 2731 Dionys.
784 2668 868 2716 Halic.
876 2666 953 2716 Arci.
966 2667 993 2715 ii.
1003 2667 1032 2716 18
1044 2681 1051 2726 ;
1062 2666 1264 2731 'l'ibull.i.x.19.

328 2745 408 2791 nulla
419 2744 567 2799 capitolia.
601 2741 849 2806 Martialx.51.13.
1029 2732 1031 2737 ’

297 2829 320 2878 3.
337 2831 406 2865 vasa
418 2819 520 2874 Samia,
532 2817 575 2866 ie.
587 2814 793 2876 ‘earthenwara‚’
804 2815 843 2864 for
853 2814 936 2864 which
951 2814 997 2863 the
1011 2813 1059 2863 isle
1070 2813 1099 2863 of
1110 2814 1200 2863 Samos
1209 2829 1264 2863 was

262 2891 419 2950 celebrated;
435 2890 557 2941 Tibulli.
572 2903 593 2938 1.
605 2903 653 2953 393
670 2891 737 2939 Pliu.
750 2891 785 2939 N.
797 2890 833 2938 H.
844 2889 930 2939 xxxiv.
945 2898 967 2952 7.

295 2981 319 3030 4
337 2969 407 3015 deus
423 2968 491 3024 ipae,
505 2966 551 3014 te.
568 2964 739 3024 simulacrum,
751 2963 813 3013 ‘the
828 2960 928 3026 image!
961 2962 1012 3011 For
1027 2959 1118 3025 nearly
1133 2965 1187 3010 two
1202 2977 1264 3011 oeu-

262 3040 342 3090 turies
356 3041 451 3103 images
462 3054 528 3088 were
544 3038 672 3087 unknown
685 3038 713 3085 in
730 3037 819 3097 Rome,
830 3031 883 3086 aud
896 3052 929 3084 on
944 3035 1012 3085 their
1022 3035 1078 3085 first
1088 3034 1263 3085 introduction

262 3130 328 3163 were
341 3113 416 3161 made
430 3113 459 3160 of
471 3110 542 3160 wood
557 3127 585 3159 or
598 3111 670 3174 clay3
686 3110 755 3159 Plin.
768 3111 819 3168 l.o.,
832 3110 995 3173 ‘Mirumque
1009 3108 1073 3158 mihi
1085 3108 1190 3157 videtur
1203 3126 1262 3158 enm

261 3193 404 3237 statuorum
415 3186 485 3249 origo
496 3192 550 3234 tam
558 3189 632 3234 vetus
640 3185 668 3233 in
679 3185 759 3234 Italia
769 3185 804 3233 sit
813 3185 899 3247 lignea
909 3185 994 3247 potius
1001 3189 1048 3233 aut
1056 3183 1147 3233 fictilia
1157 3182 1262 3232 deorum

262 3262 395 3311 simulacra
410 3261 438 3309 in
453 3259 565 3308 delubris
576 3259 660 3308 dicata
674 3258 802 3324 usquead
817 3259 945 3307 devictam
954 3258 1053 3318 Asiam,
1064 3256 1133 3306 uude
1143 3257 1266 3310 luxuria)

262 3336 348 3400 Oomp.
360 3335 438 3384 Glem.
450 3334 526 3384 Alex.
541 3335 634 3383 Strom.
649 3335 666 3382 i.
679 3347 726 3394 15;
743 3332 835 3383 Euseb.
849 3348 940 3397 praep.
953 3347 1042 3395 eoaay.
1053 3331 1087 3380 ix.
1101 3345 1132 3393 33
1148 3332 1263 3396 August.

261 3410 293 3458 de
304 3412 351 3459 αὐ.
363 3409 416 3457 Dei
426 3410 460 3457 iv.
472 3423 497 3473 9,
509 3421 558 3470 313
573 3410 669 3459 Juven.
680 3410 715 3457 vi.
726 3421 748 3467 1,
762 3406 810 3471 346
821 3408 849 3458 ff.

294 3500 316 3548 5.
334 3488 457 3543 ingenia.
491 3484 539 3534 See
549 3489 617 3545 note,
629 3483 669 3534 eh.
682 3497 712 3547 15
721 3500 728 3544 3
745 3499 823 3547 comp.
836 3484 867 3532 de
877 3486 953 3547 spect.
965 3496 979 3546 5
989 3498 995 3543 ;
1012 3481 1081 3532 Plin.
1094 3482 1112 3531 l.
1119 3499 1140 3532 e.

297 3574 335 3609 12.
354 3563 478 3609 Eaedem
489 3564 604 3617 amaras.
622 3559 708 3622 comp.
715 3559 753 3608 ch.
763 3572 804 3620 40,
816 3558 933 3608 ‘eaedem
941 3557 1025 3607 clades
1036 3554 1259 3621 templorum’en.

296 3648 334 3697 14·
351 3637 467 3690 rapinae
479 3649 620 3683 securum
631 3636 804 3683 divitiarum.
839 3631 926 3697 Oomp.
936 3633 995 3683 Liv.
1004 3648 1063 3682 nv.
1075 3646 1115 3695 40.

297 3708 334 3755 18.
352 3709 503 3756 sustinens
513 3710 641 3756 adorari:
660 3707 738 3770 ‘they
754 3706 861 3756 tolerate
879 3708 923 3756 the
939 3706 1049 3770 worship
1065 3721 1130 3755 even
1148 3706 1178 3755 of
1191 3706 1261 3755 their

261 3778 386 3829 anomia?
418 3779 466 3827 See
476 3784 545 3838 note,
556 3777 595 3827 oh.
608 3780 633 3828 8.
671 3793 674 3798 ’

297 3866 334 3916 19·
346 3855 533 3901 adolationes:
549 3852 746 3914 odorationem
757 3852 858 3904 odolen
867 3855 896 3903 in
902 3853 1035 3905 aaifiael
1045 3853 1171 3919 language
1182 3854 1262 3918 being
