2784 4242
255 253 317 317 124
537 238 738 303 Tertulliani
757 237 985 321 Apelegeticas
1112 246 1254 311 [cmxc.

250 411 375 483 viarum,
398 411 448 470 sed
468 410 507 470 ad
528 411 647 471 eandem
670 430 769 469 curam
791 410 948 470 modestiae
969 415 999 470 et
1022 405 1194 487 pudicitiae,
1216 411 1255 464 ut

252 509 304 585 qui
324 530 383 568 non
406 515 468 568 tam
492 529 593 568 cenam
612 509 790 579 censuerint,
812 529 900 586 quam
922 508 1118 585 disciplinam.
1165 506 1254 566 Haec

252 607 339 666 coitio
368 607 602 667 Christianorum
626 607 732 665 merito
759 627 828 666 sane
852 606 967 678 illicita,
996 607 1022 666 si
1049 604 1162 665 illicitis
1190 623 1254 682 par,

252 706 356 766 merito
377 705 547 778 damnanda,
562 702 601 788 [si
621 725 679 763 non
700 705 851 764 dissimilis
870 702 1065 786 damnandis‚]
1082 704 1111 763 si
1129 703 1196 781 quis
1216 702 1255 761 de

229 824 286 882 5ea
307 803 441 882 queritur
462 824 497 863 eo
517 803 614 875 titulo,
635 823 693 881 quo
713 804 750 862 de
772 803 949 863 factionibus
974 804 1096 882 querela
1120 808 1174 861 est.
1215 801 1254 857 In

252 905 335 978 cujus
355 902 513 980 perniciem
536 901 695 980 aliquando
721 902 927 962 convenimusl
970 903 1041 961 Hoc
1060 920 1161 961 sumus
1185 920 1254 959 con·

252 1000 377 1077 gregat-i,
397 1001 477 1078 quod
501 1006 532 1059 et
558 1000 698 1077 dispersi;
728 1001 783 1060 hoc
805 1000 944 1074 universi,
968 1000 1047 1078 quod
1071 1005 1103 1059 et
1127 998 1256 1075 singuliJ

254 1099 399 1158 neminem
425 1098 581 1171 laedentes,
606 1098 751 1157 neminem
775 1099 991 1158 contristantes.
1033 1099 1136 1173 Quum
1159 1094 1254 1174 probi,

253 1218 346 1276 quum
363 1197 433 1256 boni
451 1201 565 1268 coeunt,
580 1217 672 1274 quum
684 1197 736 1274 pii,
752 1218 844 1275 quum
864 1198 938 1259 casti
952 1202 1180 1275 congregantur,
1196 1215 1255 1253 non

216 1320 246 1354 10
255 1303 298 1357 est
311 1297 399 1356 factio
413 1296 542 1369 dicenda,
558 1296 607 1356 sed
623 1296 714 1356 curia.

644 1610 779 1671 CAPUT
799 1612 862 1671 XL.

296 1786 343 1844 Ar
356 1808 372 1844 c
387 1785 532 1846 contrario
550 1784 610 1844 illis
628 1805 735 1845 nomen
753 1785 890 1846 factionis
909 1785 1186 1846 accommodandum
1203 1792 1255 1858 est,

255 1885 308 1963 qui
326 1885 359 1942 in
375 1884 473 1943 odium
493 1884 634 1943 bonorum
648 1884 826 1962 conspirant,
842 1885 894 1961 qui
907 1886 1062 1944 adversum
1083 1886 1257 1962 sanguinem

256 1984 454 2043 innocentium
468 1983 659 2055 conclamant,
674 1988 878 2060 praetexentes
897 2003 966 2043 sane
980 1984 1017 2042 ad
1032 1983 1094 2041 odii
1112 1983 1255 2042 defensio·

217 2106 246 2154 15
257 2102 322 2140 nem
336 2082 417 2140 illam
432 2101 547 2158 quoque
560 2081 731 2153 vanitatem,
743 2082 820 2157 quod
834 2081 1003 2142 existiment
1016 2082 1110 2141 omnis
1123 2081 1256 2160 publicae

258 2180 358 2252 cladis,
370 2180 464 2239 omnis
477 2179 629 2257 popularis
642 2180 818 2239 incommodi
830 2180 1012 2240 Christianos
1027 2199 1088 2239 esse
1102 2179 1136 2238 in
1147 2201 1256 2239 caussa.

259 2278 292 2337 si
306 2279 419 2338 Tiberis
437 2278 568 2338 ascendit
584 2279 616 2337 in
634 2279 758 2351 moenia,
775 2278 800 2338 si
814 2279 902 2338 Nilus
915 2300 974 2338 non
987 2278 1119 2339 ascendit
1133 2279 1166 2338 in
1179 2299 1257 2349 arva,

292 2452 316 2498 4.
340 2436 378 2499 [si
402 2450 460 2485 non
485 2438 633 2492 dissimilis
658 2436 856 2501 damnandis]:
886 2438 999 2488 inserted
1020 2438 1055 2503 by
1072 2453 1142 2487 some
1164 2437 1257 2487 editors

259 2510 324 2558 from
340 2510 401 2558 Cod.
418 2510 492 2558 Fuld.
533 2511 561 2559 It
578 2511 625 2559 has
641 2511 707 2559 been
724 2511 847 2575 proposed
863 2516 891 2560 to
906 2513 986 2561 insert
994 2513 1086 2575 factio
1103 2511 1170 2561 after
1187 2512 1257 2559 dam·

259 2584 363 2634 caudis.

326 2662 351 2706 si
366 2658 430 2715 quis
443 2660 479 2706 de
494 2672 528 2707 sa
539 2660 685 2716 queritur:
705 2658 743 2707 ‘if
757 2674 857 2723 anyone
873 2660 960 2723 lodges
976 2675 992 2708 a
1008 2659 1148 2722 complaint
1158 2657 1258 2722 against

261 2733 282 2781 it
294 2749 326 2781 on
336 2732 381 2782 the
392 2748 460 2781 same
471 2732 569 2796 ground
581 2747 608 2781 as
622 2733 726 2796 charges
737 2749 780 2782 are
791 2733 901 2798 brought
911 2733 1011 2798 against
1022 2729 1144 2782 factions.’

295 2821 317 2869 5.
334 2810 436 2855 titulo:
453 2822 495 2855 aas
506 2812 575 2865 nom,
587 2807 626 2855 ch.
639 2822 678 2870 44.

295 2896 333 2931 10.
352 2884 432 2931 curia
443 2884 474 2929 ‘a
484 2878 572 2940 court,'
584 2897 613 2929 or
626 2882 738 2930 ‘solemn
748 2881 868 2945 religious
884 2879 1024 2944 assembly.’
1056 2881 1141 2943 Gomp.
1154 2879 1258 2929 Sallust

259 2956 320 3020 Jay.
334 2968 375 3017 31,
387 2959 394 2982 ‘
404 2956 476 3004 Haec
487 2956 555 3002 inter
565 2954 643 3003 bonos
654 2955 775 3014 amicitia,
788 2956 856 3005 inter
867 2957 947 3005 malos
958 2956 1034 3004 factio
1046 2954 1102 3004 est!

296 3042 334 3092 15·
351 3033 444 3079 omnis
454 3030 696 3086 publicascladis.
724 3027 1158 3093 (2)Themanycalamitieswhich
1166 3026 1258 3075 visited
1365 3093 1366 3098 1

260 3104 306 3152 the
316 3104 411 3167 empire
421 3105 450 3152 in
460 3103 505 3152 the
516 3103 572 3153 first
583 3102 635 3150 and
651 3102 744 3151 second
760 3105 886 3154 centurias
897 3120 963 3153 were
980 3102 1094 3152 ascribed
1109 3102 1145 3165 by
1154 3101 1259 3165 popular
1365 3103 1366 3144 i

260 3178 374 3227 clamem·
390 3182 420 3226 to
436 3177 481 3225 the
501 3174 638 3240 ‘impiety'
657 3175 686 3224 of
700 3175 745 3224 the
765 3177 907 3226 Christiana
922 3177 1006 3227 which
1022 3175 1106 3225 called
1123 3174 1198 3224 down
1214 3174 1259 3223 the

261 3266 405 3315 vsngeance
416 3251 444 3300 of
452 3251 496 3300 the
506 3251 585 3314 gods:
603 3266 644 3299 see
658 3250 695 3299 ad
705 3248 779 3314 Scap.
794 3266 825 3310 η
842 3252 873 3300 de
883 3252 948 3316 pall.
962 3265 992 3310 ²3
1010 3251 1046 3299 ad
1056 3250 1120 3300 Nat.
1129 3250 1146 3299 i.
1159 3264 1192 3313 93
1209 3248 1259 3298 and

261 3342 340 3389 comp.
357 3326 455 3374 Arnob.
471 3325 488 3373 i.
511 3337 565 3384 1—3‚
584 3337 630 3386 15;
650 3325 760 3389 August.
781 3326 811 3375 de
830 3325 877 3375 cio.
896 3327 946 3375 Dei
965 3326 1001 3375 iii.
1025 3339 1071 3387 313
1096 3325 1208 3388 Cyprian
1224 3325 1259 3373 ad

262 3402 358 3450 Demet.
372 3401 436 3457 1ff.;
454 3400 548 3463 Origen
560 3405 638 3450 costr.
650 3398 716 3450 Oeta.
727 3400 763 3449 iii.
778 3414 806 3463 15
817 3417 823 3459 ;
840 3401 904 3450 Hor.
915 3399 1001 3451 Ocres.
1014 3401 1050 3449 iii.
1063 3398 1086 3447 6.
1100 3401 1156 3449 1-8.

299 3483 337 3535 η.
355 3471 387 3523 Si
399 3476 511 3523 Tiberis
522 3476 659 3523 ascendit.
692 3474 738 3522 An
749 3480 825 3524 event
837 3475 865 3524 of
873 3476 925 3525 this
935 3480 1026 3523 nature
1036 3489 1089 3523 was
1098 3474 1192 3536 always
1202 3487 1259 3521 con-

262 3548 362 3597 sidered
378 3549 506 3607 ominous;
522 3548 603 3597 Tacit.
615 3549 687 3598 Aac.
700 3549 717 3599 i.
731 3548 780 3613 763
797 3551 855 3601 Val.
869 3550 942 3599 Max.
952 3550 970 3601 i.
982 3548 1005 3599 6.
1020 3563 1052 3611 3;
1068 3547 1178 3611 Capitol.
1194 3548 1258 3597 Aac.
1301 3551 1305 3558 '

265 3621 331 3669 Pius
342 3635 373 3682 95
390 3623 453 3669 Hor.
463 3620 549 3672 Oorm.
563 3623 580 3671 i.
594 3634 663 3684 213.

331 3696 357 3740 si
373 3697 458 3742 Nilus
475 3708 534 3743 non
549 3698 685 3744 ascendit.
718 3696 803 3759 Oomp.
822 3697 923 3746 Horace
936 3695 1021 3746 earm.
1039 3695 1076 3744 iii.
1095 3707 1118 3755 3.
1134 3693 1174 3758 48.
1207 3692 1260 3743 Tha

265 3766 406 3886 pfoepffiy
416 3767 537 3886 {dimi
547 3767 594 3817 has
604 3768 700 3831 always
710 3769 775 3818 been
785 3770 883 3834 largely
894 3770 1036 3833 dependent
1053 3785 1086 3818 on
1102 3769 1146 3817 tha
1162 3767 1260 3832 regular
1364 3747 1365 3816 i

266 3853 343 3887 naec
394 3854 408 3886 e
445 3855 488 3891 se.
1364 3855 1365 3860 =
