2784 4242
267 221 329 284 144
541 202 741 270 Tertulliani
758 202 982 287 apologeticus
1065 211 1264 279 [cmxnvntz

262 393 335 452 pora
365 371 646 452 reciprocandarum,
672 372 739 453 ipsa
770 373 871 452 exigat
900 374 968 434 illas
1001 372 1035 433 iu
1065 374 1171 434 eadem
1200 394 1264 434 eor·

263 493 337 551 pora
357 472 508 551 revocari3
538 474 609 552 quia
634 473 688 533 hoo'
714 472 754 533 ait
778 472 919 545 revocari,
944 494 1007 533 esse
1034 473 1113 551 quod
1136 474 1267 533 merant.

264 571 342 630 Nam
370 570 479 630 sinon
503 567 536 629 id
563 575 635 630 sunt
657 570 737 648 qnod
764 571 891 643 fuerant,
912 570 945 631 id
972 574 1025 640 est,
1046 570 1207 629 humanum
1236 577 1266 630 et

264 669 297 728 id
319 668 416 748 ipsum
437 687 543 746 eorpus
569 669 700 742 indutae,
722 672 784 747 jam
808 690 867 729 non
888 668 973 748 ipsae
996 674 1083 728 erunt
1103 689 1179 746 quae
1202 668 1266 729 fne-

241 774 343 842 trent.
382 769 480 841 Porro,
501 772 658 849 quaejam
682 791 741 830 non
765 776 853 830 erunt
873 770 964 848 ipsae,
986 769 1131 848 quomodo
1153 767 1267 829 redisse

264 866 420 927 dieentnrl
474 866 539 927 Aut
565 867 648 927 aliud
675 869 770 928 faotae
796 888 857 928 non
884 874 971 927 erunt
1002 867 1096 947 ipsae,
1121 872 1179 928 aut
1203 887 1269 926 ma·

48 1029 114 1062 a<
133 949 367 1032 ,testinantes
393 965 474 1043 ipsae
502 985 562 1025 non
588 974 677 1027 amnt
704 967 832 1050 Q·
886 965 992 1028 Multis
1019 965 1109 1026 etiam
1131 965 1207 1042 jocis
1235 970 1268 1025 et
1355 983 1356 996 ¹

264 1063 327 1132 otio
345 1085 418 1143 opns
437 1061 502 1152 erit,
518 1064 545 1125 si
557 1065 681 1125 velimus
695 1065 734 1125 ad
755 1064 829 1125 hano
849 1072 963 1143 partem
983 1063 1128 1137 lascivire,
1145 1065 1214 1142 quis
1234 1064 1266 1123 in
1355 1101 1356 1110 κ

265 1184 352 1241 quam
376 1162 500 1223 bestiam
524 1164 677 1226 reformari
702 1164 861 1224 videretur.
904 1162 962 1224 sed
986 1164 1023 1222 do
1047 1169 1148 1223 nostra
1173 1161 1270 1240 megia

227 1261 440 1334 rodefensione‚
468 1262 520 1339 qni
546 1261 743 1340 pmpqnimns,
771 1262 865 1321 multo
895 1260 998 1339 utique
1025 1260 1147 1338 dignius
1176 1261 1265 1327 orodi,

265 1359 414 1420 hominem
427 1381 464 1419 ex
477 1360 593 1420 homine
608 1359 782 1432 rediturum,
798 1358 959 1438 quemlibet
971 1380 1026 1437 pro
1039 1358 1180 1436 quolibet,
1195 1360 1266 1418 dum
1290 1395 1299 1407 ι
1356 1383 1357 1404 1

227 1493 231 1508 2
265 1457 419 1530 hominem,
433 1462 468 1517 nt
487 1458 587 1518 eadem
608 1457 736 1536 qualitas
756 1456 870 1517 animae
889 1456 922 1515 in
942 1457 1064 1517 eandem
1085 1461 1267 1517 restauretur

265 1555 472 1627 condicionem,
486 1556 544 1615 etsi
559 1576 617 1615 non
638 1556 773 1632 effigiem,
787 1560 866 1614 certe
883 1556 953 1633 quia
971 1555 1048 1614 ratio
1066 1554 1265 1615 restitutionis

266 1654 422 1716 destinatio
433 1653 539 1730 judieii
552 1658 606 1726 est,
620 1653 782 1713 necessario
796 1652 876 1712 idem
888 1654 951 1729 ipse
966 1652 1017 1732 qui
1035 1655 1134 1712 iuerat
1148 1654 1265 1713 exhibe·

228 1754 354 1827 15bitnr,
370 1758 405 1812 nt
424 1751 495 1812 boni
515 1772 567 1811 seu
587 1751 731 1811 contrarii
748 1750 850 1811 meriti
866 1750 1011 1827 judicium
1031 1773 1049 1810 a
1065 1752 1129 1812 Deo
1149 1753 1267 1812 referat.

266 1854 394 1930 Ideoque
407 1851 706 1928 repraesentabuntur
719 1856 750 1909 et
763 1871 893 1928 corpora,
908 1850 979 1928 quia
998 1870 1092 1926 neque
1105 1850 1172 1928 pati
1183 1851 1265 1927 quio·
1357 1899 1358 1912 i

267 1972 354 2031 quam
366 1956 465 2028 potest
478 1949 575 2009 anima
588 1949 650 2009 sola
662 1949 726 2008 sine
739 1949 839 2009 stabili
858 1949 990 2021 materia,
1004 1949 1035 2008 id
1049 1958 1094 2010 est
1107 1970 1213 2022 narne3
1235 1953 1266 2008 et

266 2051 344 2130 quod
364 2049 481 2110 omnino
502 2050 538 2109 de
556 2048 669 2127 judicio
689 2048 748 2108 Dei
768 2050 832 2126 pati
854 2049 961 2108 debent
982 2048 1105 2122 animae,
1124 2070 1184 2108 non
1203 2048 1265 2110 sine

267 2171 354 2220 earne
368 2153 545 2220 meruerunt,
560 2147 640 2207 intra
652 2167 741 2225 quam
755 2147 853 2207 omnia
866 2152 999 2224 egerunt.

229 2268 260 2304 20
308 2249 367 2309 Sed
387 2247 537 2326 quomodo,
558 2245 665 2324 inquis,
687 2245 831 2306 dissoluta
851 2244 977 2305 materia
995 2244 1128 2305 exhiberi
1149 2246 1264 2323 potestl

268 2400 349 2455 erant,
361 2395 412 2444 nisi
428 2394 545 2444 desinent
562 2410 616 2445 esse
632 2393 701 2458 quod
711 2392 832 2443 fuerant:
865 2392 908 2441 ‘If
916 2408 967 2456 any
977 2397 1111 2457 argument
1128 2392 1189 2442 does
1205 2392 1264 2442 hold
1358 2433 1359 2450 ,

269 2470 334 2535 good
345 2470 383 2518 ior
393 2469 438 2518 the
447 2475 536 2518 return
546 2469 575 2518 oi
582 2469 678 2518 humen
692 2467 761 2517 sonis
775 2468 832 2516 into
846 2467 941 2523 bodies,
953 2467 1014 2531 why
1024 2482 1085 2530 may
1095 2467 1158 2530 they
1169 2472 1214 2516 not
1225 2483 1265 2515 re·

270 2550 330 2594 turn
341 2544 396 2592 into
406 2543 450 2592 the
461 2559 529 2592 same
542 2542 675 2592 substance
687 2544 726 2605 (as
738 2542 852 2604 beiore);
866 2541 934 2590 since
950 2541 1104 2590 restoration
1120 2542 1225 2591 oonsists
1236 2542 1263 2589 in

270 2618 346 2681 being
356 2617 426 2666 what
436 2634 483 2667 one
493 2633 546 2666 was
556 2618 656 2667 beforei
690 2618 751 2666 Else
767 2618 796 2664 iu
812 2616 857 2665 the
873 2614 947 2664 other
962 2630 1020 2663 ease
1036 2614 1099 2678 they
1109 2631 1154 2664 are
1164 2619 1210 2665 not
1220 2615 1263 2664 the

270 2707 333 2755 very
343 2706 411 2741 same
427 2707 454 2739 aa
466 2692 527 2756 they
537 2707 620 2750 πει-ες
636 2692 742 2740 became
757 2690 819 2754 they
829 2689 905 2739 oonld
918 2689 978 2752 only
989 2688 1021 2737 be
1037 2688 1109 2737 what
1125 2688 1189 2752 they
1198 2704 1262 2738 were

270 2771 317 2816 not
327 2766 362 2830 by
373 2767 474 2830 oeasing
483 2771 511 2816 to
521 2767 553 2815 be
564 2766 633 2815 what
645 2766 710 2829 they
719 2781 786 2815 were
793 2762 811 2824 ’;
828 2766 846 2814 i.
857 2780 875 2814 e.
887 2765 933 2813 the
943 2763 1087 2826 oontinuity
1099 2762 1127 2813 oi
1135 2763 1180 2813 the
1190 2762 1263 2812 eonl‘e

270 2840 366 2905 perient
381 2840 426 2889 life
442 2840 564 2890 demands
580 2840 613 2889 its
630 2840 748 2889 ultimate
764 2837 872 2888 reunion
883 2838 946 2887 with
963 2838 997 2886 its
1014 2852 1072 2886 own
1087 2837 1155 2902 body
1165 2837 1216 2887 and
1231 2852 1278 2909 no·

270 2916 352 2965 other.

305 3003 327 3038 1.
344 2991 376 3037 in
387 2991 485 3038 eadem
496 3001 621 3045 oorpora
653 2985 709 3035 The
725 2985 844 3050 question
860 2984 889 3034 oi
902 2984 947 3035 the
964 2984 1077 3047 identity
1088 2983 1117 3033 oi
1129 2984 1174 3034 the
1184 3000 1262 3032 resur·

270 3063 451 3126 reatina-body,
462 3078 497 3112 an
507 3062 620 3126 identity
630 3061 789 3110 maintained
802 3059 917 3123 through
930 3059 967 3108 all
982 3058 1027 3108 the
1041 3059 1150 3123 changes
1162 3057 1263 3123 implied

270 3140 299 3190 in
316 3138 464 3187 dissolution
481 3137 534 3186 and
550 3136 725 3201 glorificator,
744 3136 766 3184 is
786 3134 915 3184 disonmed
936 3135 972 3197 by
987 3134 1057 3183 Tert.
1076 3133 1108 3182 de
1124 3150 1175 3183 rer.
1194 3149 1261 3182 aare.

274 3215 462 3277 14-18,15-57.
494 3211 549 3261 The
565 3211 677 3274 identity
692 3211 716 3259 is
733 3207 880 3260 ‘essentiel’
895 3214 942 3257 not
959 3206 1133 3264 ‘aooidentat’
1151 3208 1263 3258 auditis

271 3302 403 3350 necessary
419 3287 459 3334 for
477 3285 522 3335 the
539 3286 662 3348 eomplete
680 3285 834 3334 restoration
851 3282 880 3332 oi
896 3283 959 3332 each
981 3298 1080 3347 person.
1113 3282 1163 3333 See
1182 3284 1262 3347 Kaye,

270 3377 311 3424 pp.
326 3360 372 3423 258
384 3358 410 3406 ff.
444 3359 577 3417 Westcott,
593 3358 667 3420 θυεμ
680 3358 709 3421 of
718 3357 896 3414 Rerumeetioa,
909 3355 948 3405 oh.
960 3356 987 3405 ii.
1001 3360 1014 3415 t
1028 3367 1052 3418 7.

306 3444 343 3497 17.
361 3435 423 3483 sine
439 3437 538 3483 stabili
552 3435 679 3492 materia,
696 3435 728 3480 id
746 3436 789 3481 est
806 3445 905 3481 earne:
923 3446 1006 3493 oomp.
1022 3430 1054 3480 de
1070 3433 1127 3479 teet
1145 3433 1227 3480 naim.
1239 3447 1261 3493 4,

274 3507 354 3556 ‘nihil
365 3507 425 3555 mali
442 3524 472 3556 ao
488 3506 548 3557 honi
564 3508 659 3556 sentire
676 3507 762 3570 possis,
777 3507 831 3555 sine
847 3505 931 3554 earnis
948 3504 1096 3568 passionalis
1113 3501 1263 3560 tenultate’;

271 3582 319 3631 bnt
330 3582 362 3631 he
373 3598 463 3645 argues
474 3581 620 3646 differently
631 3582 663 3631 de
672 3596 723 3631 rer.
736 3597 807 3629 earn.
822 3590 860 3641 17,
874 3580 915 3629 ‘N
916 3595 944 3628 os
955 3584 1041 3628 antem
1057 3579 1169 3628 animam
1184 3594 1264 3643 corpo·

273 3654 352 3702 ralem
364 3660 391 3704 et
401 3656 443 3703 hie
454 3656 606 3718 profitemur,
619 3662 646 3705 et
662 3656 690 3703 in
707 3671 753 3704 suo
764 3655 891 3704 volumine
908 3654 1050 3716 probamus,
1061 3653 1199 3703 habentem
1211 3668 1262 3717 pro·

273 3728 357 3790 prium
367 3743 446 3790 genus
456 3729 623 3789 substantiae,
634 3729 779 3786 soliditatis,
795 3744 840 3793 per
857 3745 935 3793 qnam
950 3729 1014 3794 qnid
1030 3734 1056 3779 et
1072 3728 1169 3778 sentire
1177 3733 1204 3777 et
1214 3726 1263 3792 peti

273 3795 382 3868 possit’3
398 3814 477 3863 oomp.
489 3802 521 3851 de
531 3804 608 3850 anim.
622 3812 647 3865 7.
678 3802 726 3854 See
736 3802 820 3869 Kaye,
831 3817 873 3866 pp.
887 3802 1006 3867 178-199.
