2784 4242
127 267 283 332 cmvnu]
327 259 487 324 aduersus
511 258 628 323 Gentes
641 268 706 340 pro
732 239 940 324 christianis.
1094 275 1132 342 31

128 429 194 488 Onr
204 418 273 508 ergo
287 428 340 488 alii
353 429 476 507 possint,
491 428 517 488 si
530 448 583 489 ros
597 449 657 488 non
670 426 816 507 potestisl
858 427 922 488 Gur
935 447 994 486 non
1007 425 1135 506 possitis,

129 526 157 587 si
178 527 230 587 alii
248 529 392 605 possuntt
431 526 503 587 Alia
523 547 586 600 nos,
606 527 720 605 opinor,
743 531 868 600 natura;
899 545 1063 603 cynopaene
1083 531 1137 585 aut

129 626 304 703 sciapodesi
345 625 408 685 Alii
430 626 548 686 ordines
570 626 716 700 (lentium,
739 624 791 686 alii
816 625 854 685 sd
875 624 1017 685 incestum
1037 623 1136 683 libidi-

129 745 200 784 nem
220 724 324 786 nervii
366 724 426 801 Qui
449 725 510 784 istu
539 723 634 785 orodis
658 725 694 784 (lo
715 723 842 798 homine,
865 727 951 801 potes
976 730 1007 783 et
1033 724 1137 782 facere.

131 822 232 883 Homo
243 824 273 884 es
286 829 317 883 et
330 823 402 902 ipse,
418 824 496 901 quod
509 828 540 883 et
555 822 750 883 Christianus.
793 822 853 898 Qui
867 842 926 881 non
939 828 1023 900 potes
1036 821 1136 893 faeere,
1148 846 1161 897 5

131 942 193 981 non
214 922 302 982 debes
322 922 449 983 eredere.
491 924 588 983 Homo
609 928 654 984 ost
667 922 746 982 enim
759 927 791 981 et
807 921 1002 994 Christianus,
1017 927 1047 980 et
1060 920 1139 999 quod

132 1025 166 1080 et
179 1026 223 1080 tu.

177 1119 237 1179 Sed
260 1120 467 1196 ignorantibus
490 1119 649 1198 subjicitur
671 1124 703 1179 et
727 1118 898 1196 imponitur.
952 1118 1038 1177 Nihil
1060 1118 1139 1178 onim

131 1218 194 1277 tale
215 1217 251 1278 do
268 1216 446 1278 Christianis
466 1217 627 1278 asseverari
646 1217 787 1291 sciebant,
803 1218 1017 1277 observandum
1037 1217 1141 1293 utique

132 1315 193 1376 sibi
213 1321 244 1375 et
265 1316 346 1375 omni
366 1316 525 1394 vigilantia
545 1315 795 1393 investigandum.
838 1314 954 1392 Atquin
973 1315 1141 1376 volentibus
1151 1339 1181 1374 10

133 1414 250 1474 initiari
264 1414 354 1474 moris
368 1420 422 1488 est,
436 1416 550 1493 opinor,
564 1414 649 1493 prius
663 1419 778 1492 putrem
791 1414 877 1473 illum
890 1434 1036 1475 sacrorum
1049 1414 1141 1488 adire,

134 1533 211 1592 quae
231 1514 435 1592 praeparanda
458 1514 519 1575 sint
539 1514 711 1574 describere.
753 1513 831 1573 Tum
853 1513 923 1573 illo:
959 1513 1063 1572 Infans
1084 1513 1143 1572 tibi

133 1612 325 1685 necessarius,
341 1612 438 1672 adhue
452 1617 544 1686 tener,
558 1614 610 1692 qui
631 1612 743 1672 neseiat
756 1617 888 1684 mortem,
904 1612 957 1688 qui
976 1612 1032 1671 sub
1046 1612 1142 1671 cultro

133 1717 188 1771 tuo
203 1710 319 1785 rideat3
340 1710 411 1771 item
431 1712 527 1790 ponis,
542 1732 599 1788 quo
620 1712 775 1788 sanguinis
789 1710 984 1789 jurulentiam
1004 1711 1141 1787 colligas;

134 1816 289 1889 praeterea
307 1810 484 1870 candelabra
497 1819 527 1870 et
548 1811 693 1883 lucernae,
709 1815 740 1870 et
760 1830 847 1870 canes
865 1808 959 1887 aliqui
977 1814 1008 1869 et
1026 1808 1141 1881 offulae,
1153 1843 1182 1893 15

136 1928 213 1987 quae
224 1908 291 1969 illos
303 1910 343 1969 ad
352 1910 530 1970 eversionem
544 1906 689 1969 luminum
703 1909 873 1980 extendant,
885 1915 954 1969 ante
967 1909 1063 1968 omnia
1077 1929 1144 1966 oum

137 2013 235 2067 matre
251 2013 283 2067 et
299 2027 396 2069 sorore
415 2013 469 2068 tua
482 2007 582 2068 venire
599 2008 728 2067 debebis.
770 2007 859 2083 Qud,
870 2007 900 2067 si
921 2006 1082 2078 noluerint,
1096 2007 1145 2066 vel

137 2106 239 2166 nullae
252 2106 386 2166 fuerinti
428 2107 508 2182 Quid
521 2108 648 2185 denique
666 2107 828 2185 singulares
850 2104 1035 2167 Christianii
1076 2106 1145 2165 Non

138 2205 206 2278 erit,
215 2204 328 2282 opinor,
337 2206 486 2284 legitimus
501 2206 696 2280 Christianus,
710 2205 768 2265 nisi
781 2206 874 2265 frater
887 2210 941 2265 aut
953 2203 1041 2264 filius.
1065 2205 1146 2280 Quid

140 2324 227 2377 nune,
242 2311 272 2364 et
293 2303 319 2364 si
332 2304 392 2365 ista
405 2305 506 2365 omnia
522 2305 634 2383 ignaris
655 2306 894 2383 praeparantur
936 2303 1025 2364 Corte
1045 2311 1187 2381 postesse

177 2550 199 2585 2.
218 2551 381 2595 cynopaene
397 2541 447 2587 sut
465 2539 624 2595 sotspodss:
648 2538 688 2588 lis.
706 2537 854 2602 ‘dog-isaei
873 2554 902 2587 or
918 2537 1147 2598 festshadowed’3

141 2612 260 2661 fabulous
271 2612 452 2661 monstrosities
463 2627 470 2671 ;
486 2628 529 2661 see
539 2612 617 2677 Pliny
628 2612 693 2663 Nat.
706 2612 778 2662 Hist.
791 2613 834 2662 vii
851 2627 874 2672 2,
886 2614 1003 2664 ‘eosdem
1014 2615 1147 2679 Sciapodes

142 2686 237 2747 vocari,
254 2686 323 2750 quod
339 2687 367 2734 in
384 2687 479 2751 majore
495 2692 569 2735 aestu
584 2686 656 2735 humi
671 2688 785 2751 jacentes
802 2687 887 2751 supini
905 2689 995 2738 umbra
1012 2705 1039 2738 se
1056 2689 1149 2752 padum

142 2758 310 2825 protegant’3
327 2760 351 2811 S.
362 2762 430 2825 Aug.
444 2761 476 2810 de
487 2763 535 2809 ouo.
548 2760 599 2809 Des'
609 2761 661 2810 xri.
676 2762 708 2822 83
724 2762 794 2811 Tsrt.
806 2763 841 2811 ad
852 2764 917 2813 Not.
929 2764 945 2813 i.
961 2773 983 2827 7.

178 2836 201 2886 8.
221 2839 278 2885 Sed
294 2837 492 2893 ignorantibus
512 2837 663 2893 subiicitur
680 2842 710 2885 et
729 2839 893 2894 imponitur.
930 2838 1010 2899 ‘But,
1028 2854 1078 2903 you
1089 2840 1148 2901 say,

142 2908 228 2959 deoeit
239 2909 291 2958 und
301 2910 446 2973 Mposition
456 2926 500 2959 are
510 2909 637 2974 praetised
648 2925 681 2959 on
696 2911 742 2959 the
754 2911 873 2973 ignorant
883 2909 1039 2975 neophytes!
1072 2911 1149 2974 Igno·

142 2976 340 3033 rantibue=tbe
351 2984 499 3033 candidates
510 2984 549 3032 for
558 2983 696 3041 initiatiom
708 2983 766 3033 who
776 2989 845 3032 must
852 2984 885 3034 be
892 2985 1024 3048 supposed,
1031 2990 1151 3047 contrary

143 3064 172 3108 to
182 3058 220 3107 all
231 3063 335 3118 oustom,
346 3064 374 3107 to
384 3058 450 3108 hsvo
461 3058 627 3123 nsglsotsdto
637 3059 714 3108 make
724 3075 776 3124 any
781 3058 905 3123 inquiries
916 3076 944 3109 as
952 3065 979 3109 to
987 3060 1058 3108 what
1066 3056 1151 3107 would

143 3134 177 3182 bs
189 3132 310 3195 expected
321 3131 386 3181 from
397 3132 475 3181 them.

181 3218 220 3256 10.
236 3208 348 3264 Atquin
363 3209 529 3255 volentibus
611 3208 721 3264 opinor.
756 3206 819 3256 'liris
837 3207 859 3256 is
879 3206 907 3257 ot
928 3223 1016 3257 course
1037 3206 1150 3256 ironiosl.

145 3278 732 3343 ‘Andyetitooeurstomeasbeingusuah
746 3316 753 3330 .
767 3278 791 3331 .’

182 3367 220 3402 11.
234 3359 345 3411 patrem
353 3356 606 3403 illumssororum:
623 3353 815 3417 the‘magister
823 3350 1002 3404 sacrorum'or
1010 3353 1119 3403 director
1127 3354 1155 3403 ot

144 3429 191 3478 the
201 3427 290 3488 ritusl,
302 3425 347 3476 the
359 3426 519 3491 hierophant.

170 3504 172 3519 '
213 3504 300 3563 adire,
318 3517 389 3560 quse
405 3516 499 3560 praep.
515 3504 573 3549 sint
590 3504 767 3563 describere:
785 3504 831 3551 ‘to
847 3517 879 3565 go
896 3501 951 3552 first
968 3507 996 3551 to
1012 3502 1057 3551 the
1071 3502 1152 3553 hiero·

144 3576 229 3642 phant
240 3575 291 3626 and
302 3580 329 3624 to
340 3576 401 3625 take
412 3575 488 3625 down
498 3575 543 3624 the
557 3575 679 3640 requisita
695 3576 870 3639 preparatione
877 3574 896 3624 ἐ
915 3575 967 3625 this
983 3591 1061 3625 seems
1072 3591 1088 3625 a
1098 3592 1154 3640 pre·

144 3650 243 3701 ierable
254 3648 428 3699 oonstruotion
440 3654 466 3698 to
476 3650 534 3699 that
545 3650 629 3699 wbioh
645 3650 733 3699 makes
746 3649 948 3701 warbertus
954 3654 1032 3715 potor
1043 3649 1089 3700 illa
1100 3666 1153 3702 ruo.

147 3724 198 3775 stis
209 3720 348 3774 describat.

182 3811 221 3863 15.
240 3800 425 3849 candelabra:
446 3799 454 3823 ‘
461 3812 527 3861 quae
538 3812 612 3846 osnes
623 3797 716 3846 snnexi
727 3796 882 3858 deturbant‚'
893 3798 929 3846 ‹ul
940 3798 1006 3848 Nat.
1019 3797 1035 3847 i.
1049 3808 1071 3861 7.

183 3873 222 3923 18.
237 3874 400 3931 singulares
411 3869 623 3931 substansia.
636 3871 743 3936 solitury
751 3873 899 3939 neophytas,
909 3872 972 3922 with
983 3888 1017 3922 no
1027 3872 1153 3922 relatives.
