2784 4242
143 240 205 287 css.
218 230 348 294 XLV111.]
377 220 534 285 adversus
559 219 675 285 Gentes
688 229 752 302 pro
778 218 985 286 Christianis.
1082 233 1142 301 147
1245 237 1248 242 ⁴

143 393 213 454 exin
228 393 450 471 dependendum
469 392 502 451 in
521 389 691 451 immensam
712 390 895 451 aeternitatis
908 390 1143 469 perpetuitatem.

143 484 274 561 Ideoque
294 504 348 543 nec
369 504 447 542 mors
464 484 533 561 jam,
548 503 601 542 nec
614 502 716 542 rursus
730 502 764 541 ac
782 502 883 541 rursus
896 482 1079 553 resurrectio,
1094 482 1144 541 sed

143 583 255 641 erimus
274 581 364 640 iidem
383 581 435 658 qui
455 601 543 652 nunc,
558 600 610 640 nec
631 580 684 640 alii
705 585 788 658 post:
811 580 868 638 Dei
882 580 1000 658 quidam
1019 580 1145 640 cultores

142 680 223 758 apud
237 681 332 738 Deum
352 700 474 757 semper,
488 678 676 757 superinduti
696 678 860 740 substantia
880 679 999 756 propria
1019 679 1144 739 aeterni-

141 780 232 851 tatis;
257 778 373 855 profani
394 799 464 838 vero
484 784 515 837 et
535 778 587 855 qui
607 799 666 837 non
686 778 797 856 integri
818 778 856 837 ad
876 779 980 851 Deum,
1001 778 1033 836 in
1053 796 1168 855 poenas

142 899 236 955 ecque
260 877 339 954 jugis
365 877 452 953 ignis,
479 876 615 937 habentis
640 897 676 936 ex
700 878 765 954 ipsa
789 881 894 936 natura
918 876 989 954 ejus,
1015 876 1145 936 divinam

143 976 256 1036 scilicet
276 976 576 1036 subministrationem
595 975 896 1053 incorruptibilitatis.
940 976 1095 1035 Noverunt
1115 980 1147 1035 et

142 1074 311 1153 philosophi
332 1074 531 1134 diversitatem
555 1074 653 1134 arcani
673 1078 705 1133 et
727 1072 840 1151 publici
862 1073 948 1150 ignis.
992 1074 1041 1134 Ita
1061 1074 1147 1151 longe

143 1173 222 1232 alius
236 1172 346 1250 estqui
359 1172 427 1231 usui
439 1172 574 1244 humano,
589 1171 664 1231 alius
678 1170 731 1250 qui
745 1171 855 1247 judicio
869 1171 925 1231 Dei
940 1178 1071 1249 apparet,
1086 1171 1146 1231 sive

144 1270 182 1329 de
196 1272 275 1329 caelo
289 1271 411 1329 fulmina
425 1272 581 1348 stringens,
591 1270 652 1330 sire
663 1270 700 1330 de
710 1275 790 1330 terra
803 1290 856 1347 per
865 1261 990 1330 vertices
1003 1270 1147 1330 montium
1157 1298 1188 1333 10

143 1374 297 1442 eructans,
318 1389 376 1427 non
395 1370 475 1428 enim
494 1370 622 1430 absumit
643 1369 722 1446 quod
741 1368 849 1439 exurit,
869 1370 927 1441 sed,
945 1369 1015 1428 dum
1037 1373 1146 1447 erogat,

144 1474 274 1544 reparat
297 1468 379 1528 Adeo
400 1474 522 1529 manent
544 1476 657 1528 montes
681 1487 793 1545 semper
815 1468 961 1538 ardentes,
984 1474 1013 1527 et
1036 1468 1088 1546 qui
1110 1468 1146 1526 de

144 1567 228 1626 caelo
239 1568 380 1644 tangitur,
396 1568 494 1628 salvus
508 1575 562 1641 est,
575 1574 611 1628 ut
624 1569 706 1628 nullo
716 1571 778 1645 jam
792 1568 854 1645 igni
869 1567 1070 1627 decinerescat.
1106 1567 1147 1626 Et

144 1668 201 1725 hoc
216 1666 273 1725 erit
281 1667 480 1726 testimoninm
492 1667 570 1745 ignis
580 1666 700 1739 aeterni,
710 1667 764 1725 hoc
779 1665 944 1743 exemplum
953 1665 1032 1743 jugis
1044 1665 1147 1741 judicii

143 1785 269 1843 poenam
277 1765 444 1825 nutrientis.
477 1766 592 1826 Montes
601 1771 730 1825 uruntur
738 1770 769 1824 et
779 1765 906 1827 durant:
930 1764 1002 1841 quid
1011 1770 1147 1825 nocentes
1159 1793 1187 1843 15

144 1870 178 1924 et
193 1863 251 1923 Dei
263 1863 380 1923 hostesl

183 2068 206 2103 2.
222 2069 275 2105 neo
291 2070 367 2105 mors
384 2057 449 2114 lam,
468 2070 521 2105 nec
537 2070 652 2105 rursus:
671 2055 789 2105 ‘neither
806 2054 884 2105 death
900 2054 1025 2115 absolute,
1044 2070 1092 2104 nor
1108 2071 1147 2104 re·

146 2129 251 2191 curring
261 2125 460 2178 resurrections!

181 2217 205 2265 4.
223 2207 404 2260 superinduti
427 2207 587 2252 substantia
608 2208 724 2262 propria
746 2206 941 2253 aeternitatis:
968 2203 1054 2252 scer.
1075 2218 1099 2250 v.
1120 2218 1144 2266 4.

146 2278 202 2327 The
213 2278 287 2328 subet.
303 2278 476 2342 properetis
492 2279 550 2327 that
570 2278 599 2327 ol
614 2279 660 2328 the
677 2280 784 2343 Angels,
801 2278 936 2342 according
951 2282 979 2327 to
994 2278 1145 2328 Tertullian.

146 2353 196 2402 See
207 2353 237 2402 de
247 2354 308 2403 cult.
314 2355 380 2418 sem.
392 2354 410 2402 i.
423 2368 446 2414 a,
460 2353 546 2402 ‘Nam
557 2357 583 2403 et
599 2354 671 2404 vobis
687 2355 777 2403 eadem
792 2358 854 2403 tunc
872 2355 1016 2404 substantia
1032 2354 1147 2418 angelica

145 2427 314 2492 repromissa‚'
325 2436 387 2488 etc.;
404 2428 440 2478 ud
451 2444 524 2477 uror.
537 2427 554 2476 i.
568 2441 590 2490 1,
608 2429 758 2478 ‘translatis
774 2430 802 2478 in
818 2430 959 2493 angelicam
969 2426 1135 2494 qualitatem'
1140 2446 1148 2488 3

147 2503 208 2553 adv.
219 2504 302 2553 Mure.
311 2518 334 2566 3,
343 2503 473 2552 ‘brabium
482 2504 611 2567 angelicae
618 2501 787 2554 substantiae'
792 2521 799 2563 ;
810 2505 895 2553 dares
904 2520 974 2554 cura.
988 2503 1029 2567 36,
1039 2511 1045 2532 ‘
1054 2504 1146 2553 mansi·

146 2578 202 2627 turi
212 2577 241 2626 in
251 2582 347 2630 statum
359 2577 509 2641 angelicum,
520 2593 565 2640 per
575 2577 753 2627 indumentum
763 2578 828 2626 illud
839 2578 1092 2642 incorruptibilitatis,
1102 2594 1149 2642 per

147 2654 316 2714 substantiae,
327 2653 492 2702 resuscitatae
501 2658 595 2711 tamen,
608 2650 824 2702 demutationem’
858 2653 903 2716 Op.
915 2653 940 2702 S.
953 2654 1026 2702 Luke
1036 2670 1077 2702 xx.
1091 2652 1136 2713 36.-

182 2726 205 2775 6.
223 2730 369 2776 habentis:
387 2743 415 2775 so
426 2727 471 2775 the
482 2726 556 2775 MSS.
591 2727 648 2793 Rig.
665 2728 793 2793 preferred
810 2727 937 2790 hahentes,
955 2728 1074 2792 agreein'g
1084 2728 1147 2777 with

146 2801 256 2866 profusi
264 2819 271 2858 ;
288 2802 340 2851 and
350 2802 442 2851 diuina
452 2800 492 2850 for
502 2802 625 2853 diuinam.

182 2890 206 2939 9.
226 2881 349 2934 apparet.
384 2874 432 2923 See
442 2875 561 2936 note,ch.
575 2889 613 2937 13.

185 2963 223 2997 11.
241 2954 310 2998 dum
320 2955 433 3007 erogat:
452 2952 534 2998 ‘even
544 2950 632 2999 whilst
642 2949 665 2999 it
676 2949 791 3013 destroys
800 2947 824 3008 ’;,
839 2965 880 2999 see
891 2953 958 3008 note,
971 2947 1014 2997 ch..
1022 2962 1062 3013 44.

186 3037 224 3072 12.
242 3027 292 3081 qui
303 3027 338 3073 de
350 3027 428 3073 eaelo
440 3026 575 3084 tangitur,
587 3027 635 3072 etc.
668 3023 750 3073 There
762 3040 805 3072 are
816 3023 890 3072 three
904 3022 1113 3085 interpretatione
1124 3021 1152 3069 of

152 3099 221 3149 this:
242 3111 263 3147 1.
281 3099 348 3147 That
367 3115 382 3147 a
401 3098 468 3161 body
486 3098 569 3146 which
587 3099 632 3147 has
649 3100 714 3148 been
734 3099 822 3148 struck
839 3100 874 3163 by
892 3097 1022 3161 lightning
1038 3098 1060 3146 ie
1077 3096 1152 3161 proof

149 3173 251 3237 against
261 3172 307 3221 fire
325 3174 415 3235 (comp.
427 3172 495 3221 Plin.
506 3172 541 3219 xi.
554 3181 594 3236 37,
606 3173 663 3223 who
679 3174 806 3222 mentions
822 3173 867 3222 the
884 3171 987 3220 ancient
998 3171 1077 3219 belief
1090 3170 1149 3218 that

149 3248 196 3296 the
206 3246 281 3295 heart
297 3246 326 3294 ol
340 3262 439 3310 anyone
450 3245 507 3294 who
522 3245 575 3294 had
591 3247 650 3296 died
665 3247 731 3295 from
747 3248 834 3311 poison
850 3246 924 3296 could
941 3250 986 3294 not
1002 3245 1034 3293 he
1049 3245 1147 3306 burnt).
1188 3259 1189 3262 ’

151 3335 174 3372 2.
192 3320 260 3368 That
277 3320 348 3370 there
369 3321 391 3368 is
411 3337 427 3368 a
449 3319 577 3369 reference
595 3326 622 3369 to
640 3320 685 3369 the
702 3321 846 3385 regulation
865 3319 894 3369 of
909 3320 997 3368 Numa
1014 3318 1050 3382 by
1067 3318 1149 3367 which

149 3412 184 3444 no
204 3410 251 3443 one
269 3395 356 3443 struck
376 3394 411 3458 by
428 3394 558 3458 lightning
569 3410 621 3444 was
636 3394 776 3457 permitted
790 3399 818 3443 to
834 3395 866 3443 be
882 3393 1018 3454 cremated
1034 3392 1082 3441 but
1098 3407 1150 3440 was

148 3468 241 3519 buried
258 3484 290 3516 on
304 3468 349 3517 the
360 3473 416 3532 spot
429 3468 565 3533 (bidental,
578 3484 619 3517 see
630 3469 700 3518 Pers.
712 3467 768 3518 dut.
780 3469 807 3517 ii.
823 3479 860 3532 27,
870 3468 934 3517 Hor.
942 3470 1069 3531 despuet.
1079 3464 1149 3529 471),

151 3542 204 3592 and
215 3542 274 3591 that
284 3542 427 3591 Tertullian
438 3542 562 3606 regarded
572 3543 624 3591 this
636 3548 734 3592 custom
745 3558 773 3592 as
782 3560 797 3591 a
804 3544 900 3608 typical
907 3544 1023 3606 analogy.
1047 3556 1069 3604 3.
1082 3540 1149 3590 'l'bat

148 3617 294 3667 Tertullian
305 3617 397 3681 simply
408 3632 495 3665 means
512 3617 570 3667 that
584 3617 661 3685 death
674 3619 710 3682 by
720 3618 853 3682 lightning
863 3618 949 3666 leaves
965 3617 1010 3666 the
1024 3616 1090 3680 body
1103 3632 1149 3664 un·

149 3690 253 3755 injured
268 3690 320 3740 and
336 3691 417 3741 whole
435 3690 473 3755 (so
490 3691 558 3741 Min.
574 3692 630 3742 Fal
649 3705 690 3756 35,
708 3694 792 3742 ‘sicut
807 3692 879 3757 ignes
895 3690 1032 3741 fulminum
1048 3706 1150 3755 corpora

141 3770 272 3830 ,tangunt
283 3781 330 3814 nec
341 3764 479 3815 absumunt
485 3763 514 3828 ’).

622 3947 675 3989 Le
