2784 4242
234 172 275 235 16
511 171 710 237 Tertulliani
729 170 954 254 Apologeticus
1104 65 1234 248 [ccilv.

231 363 331 405 omnes
351 344 383 403 in
397 342 573 406 Christianis
587 363 646 402 non
663 360 725 402 esse
738 362 814 421 quoe
830 343 862 401 in
880 363 912 402 ee
929 363 989 402 non
1007 342 1142 403 nesciunt
1163 363 1236 418 esee,

232 437 320 499 simul
341 437 386 498 uti
405 438 578 499 erubescant
597 442 775 511 accusantes,
798 457 856 496 non
877 436 941 496 dico
961 436 1081 515 pessimi
1101 438 1234 515 optimos,

232 537 360 616 sedjom‚
370 537 527 617 niveloni,
538 556 687 614 compares
698 556 773 597 suos.
808 535 1236 614 Respondebimusadeingnlu

232 635 353 714 quaein
367 635 483 697 occulto
500 634 657 695 admittere
676 635 813 707 dicimur,
829 654 904 712 quae
922 634 990 693 illoe
1003 635 1108 712 -pslam
1126 635 1236 695 admit·

207 740 330 800 etentes
342 733 518 806 invenimus,
528 733 561 792 in
574 733 680 812 quibus
693 732 817 805 scelesti,
827 734 859 791 in
874 733 981 810 quibus
994 726 1074 806 vani,
1083 733 1115 792 in
1129 733 1236 812 quibus

232 832 448 906 inmundum
459 833 568 911 quihus
578 832 724 892 irridendi
738 832 922 918 deputamur.

245 1008 247 1013 ,
275 930 333 993 Sed
353 931 498 1010 quoniam,
512 952 579 991 cum
597 931 635 990 od
653 931 752 990 omnia
769 922 897 1007 occcidit
914 929 1023 990 veritae
1040 934 1151 1004 nostra,
1170 950 1235 1007 pos-

233 1038 325 1089 tremo
339 1031 437 1108 legum
451 1031 615 1090 obstmdtur
627 1014 788 1090 auctoritai
801 1030 943 1090 cdvereue
955 1036 1079 1110 camut
1093 1035 1147 1090 aut
1161 1030 1236 1088 nihil

233 1129 350 1191 dicetur
369 1128 587 1189 retractandum
604 1147 666 1189 esee
683 1134 751 1206 post
769 1129 854 1204 leges,
869 1135 924 1191 aut
938 1126 1063 1206 ingratis
1080 1129 1235 1213 neccessitas

196 1254 226 1291 10
234 1228 373 1306 obsequii
390 1220 572 1306 praeferatur
593 1227 727 1286 veritati:
755 1228 793 1286 dc
814 1214 930 1303 legibue
953 1227 1036 1304 prius
1064 1248 1234 1287 concurram

214 1374 218 1383 ,
233 1327 383 1386 vobiscum
396 1332 432 1387 ut
445 1347 512 1387 oum
525 1324 676 1388 tutoribus
688 1326 796 1404 legum.
836 1325 856 1384 J
858 1346 904 1384 am
918 1310 1047 1403 drinium
1061 1346 1150 1403 quam
1163 1326 1237 1385 dure

234 1424 363 1487 definitis
384 1426 525 1486 dicendo:
550 1427 619 1487 Non
632 1414 713 1486 'licet
734 1445 796 1485 esee
820 1426 889 1484 voe!
932 1426 973 1484 Et
1003 1425 1148 1538 110099
1176 1411 1237 1484 ullo

235 1530 398 1586 retractatu
417 1524 587 1584 humaniore
608 1523 825 1602 praescribitis3
849 1524 909 1584 vim
928 1524 1106 1601 profitemmi
1129 1529 1161 1584 et
1181 1524 1237 1582 ini·

234 1644 322 1702 quam
336 1643 373 1684 ex
386 1643 453 1683 arce
463 1623 699 1697 dominationem,
712 1622 738 1684 si
748 1623 812 1682 ideo
826 1626 940 1700 negatis
950 1622 1046 1693 licere,
1057 1623 1127 1701 quio
1136 1624 1237 1694 vultis,

197 1743 294 1796 15non
314 1723 385 1800 quia
406 1722 514 1815 debuit¹
528 1743 587 1782 non
607 1722 702 1795 licere.
743 1722 831 1796 Quod
851 1720 877 1787 si
897 1723 967 1800 quia
985 1741 1044 1781 non
1061 1722 1156 1795 debet,
1171 1723 1237 1781 ideo
1344 1766 1347 1773 .

234 1841 294 1882 non
306 1821 398 1881 vultis
410 1821 506 1893 licere,
522 1820 585 1881 eine
607 1810 699 1880 dnbio
716 1820 747 1879 id
765 1840 824 1880 non
842 1819 929 1880 debet
947 1820 1046 1904 licere,
1060 1822 1140 1898 quod
1159 1822 1243 1881 male:

234 1920 279 1991 fit,
297 1924 328 1980 et
349 1920 453 1998 utique
475 1919 529 1980 hoc
550 1918 615 1998 ipso
637 1917 859 1997 praejudicatur
881 1919 977 2013 licere,
999 1920 1077 1996 quod
1099 1921 1172 1979 bene
1195 1919 1237 1981 fit

236 2017 266 2079 Si
281 2018 402 2096 *bonum-
415 2019 554 2094 invenero
573 2039 646 2103 eece,
667 2017 746 2097 quod
766 2018 815 2076 lex
836 2023 889 2077 tua
909 2018 1072 2094 prohibuit,
1087 2039 1184 2078 nonne
1200 2039 1237 2078 ex

234 2117 287 2176 illo
309 2107 617 2196 praejudicio²prohib
635 2136 667 2176 re
690 2136 737 2175 me
761 2137 821 2175 non
844 2120 948 2195 potest,
973 2117 1052 2194 quod
1076 2117 1102 2176 ei
1127 2117 1238 2176 malum

196 2237 228 2272 20
234 2221 320 2288 esset,
332 2215 398 2293 jure
412 2134 673 2333 prohibentq&
692 2215 740 2273 loir
758 2220 812 2275 tua
831 2215 950 2302 erravit
970 2221 1051 2293 puto,
1064 2216 1103 2275 ab
1120 2214 1238 2274 homine

235 2321 373 2392 concepta
387 2319 432 2373 eet
439 2334 448 2387 ;
469 2318 564 2391 neque
577 2313 658 2383 enim
670 2313 707 2379 de
721 2314 800 2373 caclo
814 2297 916 2391 ruiis
927 2312 1078 2400 Miramini
1092 2313 1238 2373 hominem

235 2417 288 2473 aut
302 2431 399 2471 errare
413 2412 542 2489 potuisse
555 2413 587 2470 in
601 2413 666 2491 lege
680 2405 838 2485 condenda,
851 2416 904 2470 cut
921 2411 1079 2500 resipuisse
1092 2412 1125 2470 in
1139 2433 1239 2493 repro·

269 2597 292 2646 8.
306 2597 407 2655 *lomim
424 2597 584 2645 obstruitur
602 2597 765 2645 auotoritas.
798 2595 840 2644 On
858 2593 903 2644 the
922 2594 985 2644 laws
1002 2594 1087 2645 which
1105 2595 1190 2659 might
1207 2595 1239 2643 be

237 2669 353 2718 enforced
363 2670 462 2732 against
473 2669 518 2718 the
529 2668 671 2718 Christiana
682 2685 724 2718 see
734 2670 780 2719 the
791 2669 978 2731 Introduction,
986 2685 1062 2734 peges
1073 2670 1179 2721 xiii-xv.
1212 2668 1241 2719 It

236 2745 291 2794 will
302 2743 333 2792 be
341 2743 442 2793 noticed
451 2743 509 2792 that
518 2759 551 2792 no
559 2742 686 2792 reference
697 2744 718 2792 is
729 2743 803 2792 made
814 2745 841 2791 in
849 2744 921 2793 these
933 2744 1048 2808 chapters
1058 2750 1084 2795 to
1095 2761 1147 2808 any
1153 2750 1240 2794 recent

237 2818 313 2879 edict,
325 2834 354 2867 as
364 2818 449 2867 would
459 2818 525 2867 have
535 2818 600 2866 been
609 2817 712 2867 natural
723 2818 747 2866 if
755 2817 799 2867 the
809 2818 916 2883 rescript
927 2819 955 2868 oi
968 2818 1076 2868 Severus
1090 2814 1118 2868 in
1130 2833 1176 2868 202
1189 2813 1241 2868 haid

236 2895 302 2944 been
312 2893 487 2958 promulgated
498 2893 572 2942 when
582 2892 627 2942 the
635 2892 754 2957 Apology
764 2909 816 2942 was
827 2894 938 2943 written.

270 2983 293 3032 9.
311 2970 525 3017 retractandum
535 2982 611 3016 esse:
628 2982 670 3016 soe
680 2972 741 3016 note
751 2967 790 3016 ch.
804 2980 844 3029 25.

272 3057 309 3093 10.
328 3057 493 3093 concurram
499 3045 655 3091 vobiscum.
679 3041 771 3090 ‘Iwill
780 3057 876 3106 engage
885 3041 949 3091 with
957 3039 1018 3105 you’
1030 3042 1069 3107 (in
1077 3041 1221 3106 argument)
1232 3059 1240 3102 ;

236 3117 281 3166 the
300 3116 432 3180 metaphor
448 3117 470 3165 is
486 3116 566 3166 taken
583 3115 647 3164 from
666 3115 710 3164 the
727 3116 841 3180 military
857 3116 1028 3180 signification
1041 3117 1070 3166 cf
1086 3133 1238 3169 comere.

237 3184 402 3241 Contractite
412 3191 517 3255 judicicl
527 3189 734 3254 meaninginch.
748 3204 788 3254 24.
1137 3233 1139 3236 .

272 3279 309 3314 12.
329 3269 397 3314 Non
407 3267 477 3314 licet
488 3279 550 3314 esse
561 3267 630 3313 rosi
655 3264 745 3314 ‘Your
756 3264 884 3313 existence
902 3265 924 3313 ie
939 3262 1045 3328 illegnh'
1072 3265 1241 3331 Christianity

237 3355 289 3388 was
300 3340 327 3387 in
338 3339 464 3388 technical
474 3338 565 3403 phrase
575 3355 592 3386 a
602 3337 810 3399 relictoillieitc,
818 3354 834 3386 a
844 3336 909 3385 form
920 3338 949 3401 ni„
956 3338 1065 3400 worship
1077 3339 1205 3388 unknown
1212 3345 1241 3388 to

237 3413 282 3463 the
292 3413 358 3473 law;
375 3429 416 3462 see
428 3416 499 3461 notes
510 3412 550 3461 ch.
564 3412 602 3470 18,
615 3424 654 3471 21,
665 3412 705 3472 38.
738 3410 765 3460 It
777 3410 952 3473 undoubtedly
962 3412 1132 3460 contmwened
1140 3412 1168 3460 in
1178 3411 1241 3461 both

237 3487 389 3551 particulars
408 3484 517 3534 Ciceio’e
539 3482 670 3533 definition
692 3483 720 3532 of
740 3485 823 3548 ‘legal
832 3482 882 3520 ’—‘
890 3484 967 3533 licere
990 3484 1018 3533 id
1040 3484 1163 3546 dicimus„
1174 3485 1242 3549 qnod

237 3559 344 3623 legibus,
355 3559 423 3624 quod
434 3574 504 3608 more
515 3559 639 3622 majorum
650 3557 825 3620 institutisque
836 3557 999 3613 conceditur:
1010 3556 1083 3605 Phil.
1094 3558 1148 3607 xiii.
1161 3557 1186 3607 6.
1202 3572 1240 3620 14.

240 3635 326 3697 Oomp.
340 3636 370 3682 ci
386 3633 468 3681 dccco
482 3635 535 3681 sict
550 3631 703 3687 christiani,
717 3631 789 3680 ‘thot
803 3631 847 3680 the
860 3631 1003 3680 Christiana
1020 3647 1080 3695 may
1090 3633 1166 3696 again
1176 3632 1243 3680 have

240 3725 256 3757 a
273 3708 341 3770 legal
358 3705 500 3766 existence‚'
519 3712 595 3768 ‘may
613 3706 645 3754 be
662 3706 787 3754 tolerated
802 3721 829 3754 aa
847 3706 927 3765 such‚’
947 3707 975 3754 in
989 3704 1115 3761 Galeriue’
1132 3705 1243 3757 edictos

243 3782 401 3840 Toleration,
412 3780 530 3829 Loctant.
543 3780 574 3827 de
585 3774 658 3828 mori}
669 3778 741 3828 Pera.
754 3792 793 3841 34.
