2784 4242
276 243 319 308 94
526 231 528 234 ’
556 224 755 290 Tertulliani
775 177 1000 309 Apologetz'cus
1112 235 1187 299 [cm
1198 240 1275 290 xxv,
1362 231 1363 242 2

274 395 464 473 Archignllns
484 394 536 454 ille
557 395 766 469 sanctissimus,
787 395 835 455 die
854 415 933 454 nono
951 395 1159 455 Kalendarum
1174 414 1275 455 earun-

274 493 349 567 dem,
359 514 419 571 quo
428 494 600 570 sanguinem
610 493 768 572 impurum,
777 494 901 553 lacertos
912 514 1028 572 quoque
1039 495 1196 553 effluendo
1206 494 1276 553 libe·

273 594 334 665 bat,
349 613 403 670 pro
417 593 512 652 salute
526 591 711 669 imperatoris
725 591 820 650 Marci
829 592 892 669 jam
913 592 1072 669 intercepti
1085 592 1176 652 solita
1189 614 1277 670 aeque

273 690 397 768 imperia
416 691 575 750 mandavit.
617 691 643 750 Ο
664 690 784 749 nuntios
804 690 912 762 tardos,
932 712 950 750 ο
971 691 1167 751 somniculosa
1188 692 1277 769 diplo-

251 794 363 871 5mata‚
385 809 510 867 quorum
529 789 602 848 vitio
622 809 774 849 excessum
792 789 980 867 imperatoris
1000 810 1059 848 non
1080 795 1149 850 ante
1171 791 1277 869 Cybele

275 887 420 965 cognovit,
449 907 487 947 ne
516 888 601 947 deam
627 888 718 948 talem
745 887 877 948 riderent
904 887 1075 949 Christiani.
1128 888 1189 949 sed
1222 910 1278 949 non

274 987 376 1047 statim
400 992 431 1047 et
452 988 572 1065 Jupiter
592 989 712 1049 Cretam
737 1009 821 1047 suam
845 989 986 1048 Romanis
1009 984 1138 1050 fascibus
1164 990 1278 1049 concuti

274 1085 389 1158 sineret,
414 1086 523 1145 oblitus
546 1093 667 1147 antrum
690 1086 766 1145 illud
790 1087 921 1160 Idaeum,
944 1093 976 1147 et
999 1108 1068 1148 aera
1092 1088 1277 1165 Corybantia,

275 1191 304 1245 et
322 1185 567 1261 jucundissimum
587 1185 649 1244 illic
670 1185 797 1245 nutricis
818 1207 889 1246 suae
910 1186 1037 1247 odorem.
1078 1186 1188 1247 Nonne
1202 1188 1277 1247 omni

235 1310 266 1347 10
276 1284 422 1361 Capitolio
443 1286 590 1344 tumulum
609 1285 696 1344 illum
716 1306 803 1344 suum
823 1285 1049 1364 praeposuisset,
1069 1291 1105 1344 ut
1126 1307 1162 1346 ea
1183 1288 1277 1364 potius
1362 1355 1363 1380 ,

274 1383 339 1442 orbi
362 1390 444 1444 terra
469 1386 667 1462 praecelleret,
692 1405 767 1462 quae
796 1385 905 1444 cineres
933 1384 1018 1444 Jovis
1041 1385 1140 1445 texitt
1183 1387 1276 1445 Vellet
1362 1393 1363 1414 ¹

274 1482 354 1542 June
372 1483 512 1542 Punicam
531 1485 633 1543 urbem
652 1482 821 1560 posthabita
842 1483 929 1543 Samo
951 1483 1090 1544 dilectam
1108 1484 1147 1544 ab
1166 1484 1276 1545 Aenea·

273 1582 378 1641 darum
391 1582 494 1660 utique
507 1602 613 1660 genere
628 1583 741 1641 delerit
783 1582 869 1657 Quod
884 1581 911 1640 si

602 1747 607 1762 ,
814 1696 866 1745 Hic
882 1697 952 1746 illiue
968 1712 1048 1758 unns,

235 1789 264 1839 15
405 1771 457 1819 Hic
473 1786 561 1828 currus
578 1769 636 1828 fuit,
653 1771 701 1819 hoo
717 1786 824 1835 regnum
840 1770 889 1819 deu
905 1772 1026 1835 gentibus
1043 1787 1105 1832 esse,

405 1845 432 1894 Si
449 1861 500 1909 que
516 1845 570 1894 fate
587 1845 682 1905 sinant,
698 1846 752 1909 jam
768 1850 824 1893 tum
840 1844 977 1909 tenditque
994 1845 1123 1909 fovetque.

274 1951 382 2011 Misera
402 1952 454 2011 illa
473 1955 599 2029 conjunx
612 1954 698 2013 Jovis
719 1959 750 2012 et
766 1973 846 2013 soror
864 1954 1005 2015 adversus
1023 1955 1087 2013 feta
1106 1974 1173 2038 non
1186 1953 1276 2015 valuit

274 2051 376 2128 Plan&
587 2086 653 2134 Fato
669 2089 722 2134 stat
738 2085 845 2149 Jupiter
855 2084 917 2149 ipse.

235 2207 337 2273 20Neo
350 2214 468 2267 tantum
486 2211 584 2265 tamen
605 2201 724 2261 honoris
743 2202 867 2261 Romani
888 2202 1062 2262 dicaverunt
1082 2202 1153 2262 fatis
1172 2204 1275 2264 deden·
1362 2229 1363 2258 5

274 2305 354 2365 tibus
393 2306 450 2364 sibi
486 2301 695 2379 Carthaginem
729 2300 869 2359 adversus
904 2300 1083 2360 destinatum
1117 2308 1275 2379 votumque
1362 2375 1363 2380 ἵ

274 2403 294 2462 J
296 2403 409 2475 unonis,
425 2407 568 2480 quantum
580 2398 839 2478 prostitutissimae
853 2399 941 2478 lupae
955 2399 1141 2460 Larentinae.

315 2502 417 2561 Plures
437 2503 504 2561 deos
522 2505 635 2560 vestros
655 2518 791 2576 regnasse
813 2501 929 2557 certum
951 2504 1004 2557 est.
1048 2497 1148 2575 Igitur
1166 2498 1193 2558 si
1210 2517 1277 2558 con·

309 2657 331 2693 1.
348 2645 538 2702 Archigellns.
571 2642 626 2691 The
636 2639 788 2704 arch-priest
800 2638 828 2688 of
836 2639 941 2703 Oyhele.

309 2732 331 2768 a.
348 2722 469 2768 lacertos
481 2731 600 2775 qnoque.
633 2716 681 2765 See
691 2719 773 2774 notes,
786 2714 824 2764 ch.
836 2728 861 2779 9,
875 2728 921 2776 23;
937 2729 1017 2778 comp.
1029 2727 1040 2761 1
1052 2713 1138 2778 Kings
1148 2714 1209 2763 xvii.
1223 2715 1260 2763 28.

308 2808 331 2856 5.
347 2807 493 2843 excessum
503 2794 690 2849 imperatoris.
726 2787 772 2838 Se'e
783 2794 853 2850 note,
866 2788 906 2839 ch.
919 2803 958 2839 22.

307 2870 331 2918 8.
349 2873 463 2917 antrum
474 2871 601 2916 Idaeum,
633 2865 687 2914 The
704 2851 803 2912 Idaeah
819 2863 926 2922 cave-in
942 2863 1025 2918 Crete,
1036 2862 1122 2911 where
1138 2862 1183 2912 the
1196 2862 1279 2911 infant
1362 2825 1363 2866 3

276 2944 295 2993 J
298 2944 383 3007 opiter
399 2958 451 2991 was
469 2940 565 2990 hidden
582 2941 646 2989 from
666 2939 769 2997 Setun,
787 2936 901 3002 guarded
919 2936 1016 3001 hythe
1034 2936 1149 2998 Curetes,
1166 2936 1218 2986 aud
1237 2935 1279 2985 sed

276 3019 311 3082 by
321 3017 367 3066 the
378 3015 497 3065 she-wolf
505 3015 660 3063 Amalthaea
671 3015 773 3075 (nuto-te
784 3011 850 3074 sua).
878 3011 946 3061 ovid
956 3009 1023 3059 Met.
1034 3008 1069 3058 iv.
1084 3010 1131 3073 289
1141 3010 1168 3060 ff.
1178 3025 1186 3071 ;
1201 3010 1279 3075 Verg.

211 3128 213 3130 ι
276 3094 602 3224 Αθπιέζαῐὲπγδαηιία.
643 3164 699 3213 The
718 3162 810 3212 brenen
826 3160 940 3226 cymbala
958 3159 987 3209 oi
1001 3160 1045 3209 the
1064 3159 1233 3223 Corybantes,
1251 3176 1279 3209 or

275 3244 441 3307 worshippers
457 3241 485 3290 of
499 3240 601 3304 Cybele,
616 3240 677 3288 here
692 3236 824 3288 identified
840 3236 904 3285 with
920 3234 965 3284 the
981 3234 1097 3294 Curetes,
1108 3234 1154 3284 the
1171 3235 1278 3299 original

275 3318 434 3368 inhabitants
447 3315 476 3364 of
483 3316 568 3375 Crete,
578 3314 636 3364 who
646 3330 714 3363 were
724 3313 843 3362 devotees
855 3311 883 3360 of
890 3311 948 3360 that
959 3310 1074 3374 goddess.
1103 3309 1190 3373 Gomp.
1200 3310 1278 3374 Verg.

274 3389 512 3529 Aliluiiilsliliius
523 3477 608 3511 mma.
642 3462 721 3525 Verg.
733 3460 794 3510 Aen.
805 3460 823 3508 i.
839 3457 877 3508 16.

310 3554 348 3605 19.
366 3544 516 3625 Peto-'stat
532 3540 648 3595 Jupiter
666 3540 735 3595 ipse.
770 3537 856 3599 comp.
870 3532 966 3583 Herod
984 3533 1001 3582 i.
1019 3546 1067 3598 913
1083 3532 1177 3583 Aesch.
1189 3532 1276 3581 Pron.

277 3615 468 3748 5133131031218
481 3623 552 3735 lidos
569 3690 686 3735 vestros.
724 3684 820 3747 ‘Many
836 3681 864 3731 of
880 3696 945 3745 your
962 3679 1042 3745 gods‚‘
1053 3695 1111 3744 says
1126 3678 1276 3738 Tertullisn,

279 3760 417 3821 ‘certainly
432 3758 536 3821 reigned
552 3774 585 3806 on
601 3758 682 3807 earth.
716 3757 745 3805 If
759 3757 822 3821 theu
831 3772 889 3805 now
902 3770 999 3819 possess
1015 3753 1060 3802 the
1077 3769 1163 3817 power
1179 3752 1208 3801 of
1221 3767 1276 3801 con·

276 3833 373 3895 forring
389 3832 490 3894 empire,
510 3831 576 3879 from
592 3831 676 3879 whom
692 3830 737 3880 did
753 3829 816 3894 they
832 3829 931 3879 receive
947 3827 1109 3892 sovereignty
1124 3824 1200 3876 when
1216 3824 1277 3891 they
