<?xml version="1.0" encoding="UTF-8"?>
<!DOCTYPE html PUBLIC "-//W3C//DTD XHTML 1.0 Transitional//EN"
    "http://www.w3.org/TR/xhtml1/DTD/xhtml1-transitional.dtd">
<html xmlns="http://www.w3.org/1999/xhtml" xml:lang="en" lang="en">
 <head>
  <title>
</title>
<meta http-equiv="Content-Type" content="text/html;charset=utf-8" />
  <meta name='ocr-system' content='tesseract 3.04.00' />
  <meta name='ocr-capabilities' content='ocr_page ocr_carea ocr_par ocr_line ocrx_word'/>
</head>
<body>
  <div class='ocr_page' id='page_1' title='image "./quintiseptimiif00bindgoog_0171.png"; bbox 0 0 2784 4242; ppageno 0'>
   <div class='ocr_carea' id='block_1_1' title="bbox 146 234 1146 321">
    <p class='ocr_par' dir='ltr' id='par_1_1' title="bbox 146 234 1146 321">
     <span class='ocr_line' id='line_1_1' title="bbox 146 234 1146 321; baseline -0.001 -21"><span class='ocrx_word' id='word_1_1' title='bbox 146 244 321 310; x_wconf 67' lang='lat' dir='ltr'>cmxuvt]</span> <span class='ocrx_word' id='word_1_2' title='bbox 364 235 522 302; x_wconf 81' lang='lat' dir='ltr'>adversus</span> <span class='ocrx_word' id='word_1_3' title='bbox 547 235 665 301; x_wconf 81' lang='lat' dir='ltr'><em>Gentes</em></span> <span class='ocrx_word' id='word_1_4' title='bbox 680 246 745 318; x_wconf 81' lang='lat' dir='ltr'>pro</span> <span class='ocrx_word' id='word_1_5' title='bbox 770 234 979 303; x_wconf 71' lang='lat' dir='ltr'>Christianis.</span> <span class='ocrx_word' id='word_1_6' title='bbox 1085 243 1146 321; x_wconf 76' lang='lat'>133</span> 
     </span>
    </p>
   </div>
   <div class='ocr_carea' id='block_1_2' title="bbox 143 406 1177 982">
    <p class='ocr_par' dir='ltr' id='par_1_2' title="bbox 143 406 1177 982">
     <span class='ocr_line' id='line_1_2' title="bbox 143 406 1150 486; baseline -0.002 -18"><span class='ocrx_word' id='word_1_7' title='bbox 143 410 209 484; x_wconf 84' lang='lat' dir='ltr'>jam</span> <span class='ocrx_word' id='word_1_8' title='bbox 223 415 254 468; x_wconf 89' lang='lat' dir='ltr'>et</span> <span class='ocrx_word' id='word_1_9' title='bbox 267 409 303 469; x_wconf 89' lang='lat' dir='ltr'>de</span> <span class='ocrx_word' id='word_1_10' title='bbox 320 407 491 468; x_wconf 88' lang='lat' dir='ltr'>commercio</span> <span class='ocrx_word' id='word_1_11' title='bbox 504 406 642 481; x_wconf 89' lang='lat' dir='ltr'>innotuit,</span> <span class='ocrx_word' id='word_1_12' title='bbox 657 427 716 467; x_wconf 91' lang='lat' dir='ltr'>non</span> <span class='ocrx_word' id='word_1_13' title='bbox 728 406 833 485; x_wconf 91' lang='lat' dir='ltr'>utique</span> <span class='ocrx_word' id='word_1_14' title='bbox 847 406 981 466; x_wconf 88' lang='lat' dir='ltr'>divinum</span> <span class='ocrx_word' id='word_1_15' title='bbox 999 407 1150 486; x_wconf 84' lang='lat' dir='ltr'>negotium</span> 
     </span>
     <span class='ocr_line' id='line_1_3' title="bbox 147 505 1176 586; baseline 0 -18"><span class='ocrx_word' id='word_1_16' title='bbox 147 507 309 579; x_wconf 84' lang='lat' dir='ltr'>existimat,</span> <span class='ocrx_word' id='word_1_17' title='bbox 323 508 373 568; x_wconf 89' lang='lat' dir='ltr'>sed</span> <span class='ocrx_word' id='word_1_18' title='bbox 393 507 486 584; x_wconf 86' lang='lat' dir='ltr'>magis</span> <span class='ocrx_word' id='word_1_19' title='bbox 506 506 705 586; x_wconf 74' lang='lat' dir='ltr'>philosophiae</span> <span class='ocrx_word' id='word_1_20' title='bbox 725 528 827 585; x_wconf 85' lang='lat' dir='ltr'>genus.</span> <span class='ocrx_word' id='word_1_21' title='bbox 868 506 988 580; x_wconf 68' lang='lat' dir='ltr'>Eadem</span> <span class='ocrx_word' id='word_1_22' title='bbox 1003 505 1107 585; x_wconf 80' lang='lat' dir='ltr'>inquit,</span> <span class='ocrx_word' id='word_1_23' title='bbox 1122 515 1176 568; x_wconf 89' lang='lat' dir='ltr'>et·</span> 
     </span>
     <span class='ocr_line' id='line_1_4' title="bbox 147 604 1151 685; baseline 0.001 -21"><span class='ocrx_word' id='word_1_24' title='bbox 147 604 316 685; x_wconf 77' lang='lat' dir='ltr'>philosophi</span> <span class='ocrx_word' id='word_1_25' title='bbox 342 614 461 667; x_wconf 91' lang='lat' dir='ltr'>monent</span> <span class='ocrx_word' id='word_1_26' title='bbox 484 612 516 666; x_wconf 91' lang='lat' dir='ltr'>et</span> <span class='ocrx_word' id='word_1_27' title='bbox 538 606 735 685; x_wconf 85' lang='lat' dir='ltr'>profitentur:</span> <span class='ocrx_word' id='word_1_28' title='bbox 767 605 971 679; x_wconf 88' lang='lat' dir='ltr'>innocentiam,</span> <span class='ocrx_word' id='word_1_29' title='bbox 993 606 1151 684; x_wconf 83' lang='lat' dir='ltr'>justitiam,</span> 
     </span>
     <span class='ocr_line' id='line_1_5' title="bbox 148 705 1153 785; baseline 0 -22"><span class='ocrx_word' id='word_1_30' title='bbox 148 705 335 781; x_wconf 89' lang='lat' dir='ltr'>patientiam,</span> <span class='ocrx_word' id='word_1_31' title='bbox 350 705 545 778; x_wconf 90' lang='lat' dir='ltr'>sobrietatem,</span> <span class='ocrx_word' id='word_1_32' title='bbox 559 705 739 783; x_wconf 74' lang='lat' dir='ltr'>pudicitiam.</span> <span class='ocrx_word' id='word_1_33' title='bbox 781 705 845 765; x_wconf 84' lang='lat' dir='ltr'>Cur</span> <span class='ocrx_word' id='word_1_34' title='bbox 865 724 934 782; x_wconf 89' lang='lat' dir='ltr'>ergo</span> <span class='ocrx_word' id='word_1_35' title='bbox 951 705 1059 785; x_wconf 89' lang='lat' dir='ltr'>quibus</span> <span class='ocrx_word' id='word_1_36' title='bbox 1074 724 1153 765; x_wconf 92' lang='lat' dir='ltr'>com·</span> 
     </span>
     <span class='ocr_line' id='line_1_6' title="bbox 149 803 1177 883; baseline -0.001 -20"><span class='ocrx_word' id='word_1_37' title='bbox 149 824 292 881; x_wconf 89' lang='lat' dir='ltr'>paramur</span> <span class='ocrx_word' id='word_1_38' title='bbox 319 805 355 864; x_wconf 89' lang='lat' dir='ltr'>de</span> <span class='ocrx_word' id='word_1_39' title='bbox 382 803 546 882; x_wconf 84' lang='lat' dir='ltr'>disciplina,</span> <span class='ocrx_word' id='word_1_40' title='bbox 568 803 692 883; x_wconf 78' lang='lat' dir='ltr'>proinde</span> <span class='ocrx_word' id='word_1_41' title='bbox 718 803 780 863; x_wconf 87' lang='lat' dir='ltr'>illis</span> <span class='ocrx_word' id='word_1_42' title='bbox 809 824 868 864; x_wconf 90' lang='lat' dir='ltr'>non</span> <span class='ocrx_word' id='word_1_43' title='bbox 891 805 1092 883; x_wconf 73' lang='lat' dir='ltr'><strong>adaequamur</strong></span> <span class='ocrx_word' id='word_1_44' title='bbox 1114 803 1177 869; x_wconf 76' lang='lat' dir='ltr'>ads</span> 
     </span>
     <span class='ocr_line' id='line_1_7' title="bbox 149 902 1155 982; baseline 0.002 -20"><span class='ocrx_word' id='word_1_45' title='bbox 149 902 301 963; x_wconf 88' lang='lat' dir='ltr'>licentiam</span> <span class='ocrx_word' id='word_1_46' title='bbox 327 903 590 982; x_wconf 73' lang='lat' dir='ltr'>impunitatemque</span> <span class='ocrx_word' id='word_1_47' title='bbox 617 902 811 981; x_wconf 87' lang='lat' dir='ltr'>disciplinael</span> <span class='ocrx_word' id='word_1_48' title='bbox 842 904 891 964; x_wconf 85' lang='lat' dir='ltr'>vel</span> <span class='ocrx_word' id='word_1_49' title='bbox 917 926 971 964; x_wconf 86' lang='lat' dir='ltr'>cur</span> <span class='ocrx_word' id='word_1_50' title='bbox 994 912 1026 965; x_wconf 91' lang='lat' dir='ltr'>et</span> <span class='ocrx_word' id='word_1_51' title='bbox 1052 904 1097 964; x_wconf 90' lang='lat' dir='ltr'>illi</span> <span class='ocrx_word' id='word_1_52' title='bbox 1119 912 1155 964; x_wconf 91' lang='lat' dir='ltr'>ut</span> 
     </span>
    </p>
   </div>
   <div class='ocr_carea' id='block_1_3' title="bbox 64 1002 1154 1080">
    <p class='ocr_par' dir='ltr' id='par_1_3' title="bbox 64 1002 1154 1080">
     <span class='ocr_line' id='line_1_8' title="bbox 64 1002 1154 1080; baseline -0.002 -16"><span class='ocrx_word' id='word_1_53' title='bbox 64 1055 70 1064; x_wconf 94' lang='lat'><em>.</em></span> <span class='ocrx_word' id='word_1_54' title='bbox 149 1022 236 1080; x_wconf 86' lang='lat' dir='ltr'>paras</span> <span class='ocrx_word' id='word_1_55' title='bbox 256 1002 351 1062; x_wconf 88' lang='lat' dir='ltr'>nostri</span> <span class='ocrx_word' id='word_1_56' title='bbox 371 1023 430 1060; x_wconf 87' lang='lat' dir='ltr'>nou</span> <span class='ocrx_word' id='word_1_57' title='bbox 450 1008 595 1079; x_wconf 86' lang='lat' dir='ltr'>urgentur</span> <span class='ocrx_word' id='word_1_58' title='bbox 608 1002 646 1060; x_wconf 88' lang='lat' dir='ltr'>ad</span> <span class='ocrx_word' id='word_1_59' title='bbox 659 1002 761 1074; x_wconf 88' lang='lat' dir='ltr'>officia,</span> <span class='ocrx_word' id='word_1_60' title='bbox 777 1021 850 1080; x_wconf 90' lang='lat' dir='ltr'>quae</span> <span class='ocrx_word' id='word_1_61' title='bbox 867 1023 920 1062; x_wconf 93' lang='lat' dir='ltr'>nos</span> <span class='ocrx_word' id='word_1_62' title='bbox 938 1023 997 1062; x_wconf 91' lang='lat' dir='ltr'>non</span> <span class='ocrx_word' id='word_1_63' title='bbox 1012 1003 1154 1063; x_wconf 82' lang='lat' dir='ltr'>obeuntes</span> 
     </span>
    </p>
   </div>
   <div class='ocr_carea' id='block_1_4' title="bbox 148 1091 1198 2070">
    <p class='ocr_par' dir='ltr' id='par_1_4' title="bbox 148 1091 1198 2070">
     <span class='ocr_line' id='line_1_9' title="bbox 149 1091 1155 1179; baseline 0.001 -19"><span class='ocrx_word' id='word_1_64' title='bbox 149 1100 372 1178; x_wconf 83' lang='lat' dir='ltr'>periclitamurl</span> <span class='ocrx_word' id='word_1_65' title='bbox 415 1100 489 1176; x_wconf 84' lang='lat' dir='ltr'>Quia</span> <span class='ocrx_word' id='word_1_66' title='bbox 510 1100 588 1160; x_wconf 91' lang='lat' dir='ltr'>enim</span> <span class='ocrx_word' id='word_1_67' title='bbox 612 1101 818 1179; x_wconf 88' lang='lat' dir='ltr'>philosophum</span> <span class='ocrx_word' id='word_1_68' title='bbox 839 1100 1009 1174; x_wconf 88' lang='lat' dir='ltr'>sacrificare,</span> <span class='ocrx_word' id='word_1_69' title='bbox 1031 1091 1085 1162; x_wconf 82' lang='lat' dir='ltr'>aut</span> <span class='ocrx_word' id='word_1_70' title='bbox 1105 1102 1155 1161; x_wconf 90' lang='lat' dir='ltr'>de·</span> 
     </span>
     <span class='ocr_line' id='line_1_10' title="bbox 148 1198 1155 1278; baseline 0.001 -21"><span class='ocrx_word' id='word_1_71' title='bbox 148 1202 254 1276; x_wconf 82' lang='lat' dir='ltr'>jurare,</span> <span class='ocrx_word' id='word_1_72' title='bbox 278 1206 332 1258; x_wconf 88' lang='lat' dir='ltr'>aut</span> <span class='ocrx_word' id='word_1_73' title='bbox 358 1200 492 1258; x_wconf 88' lang='lat' dir='ltr'>lucernas</span> <span class='ocrx_word' id='word_1_74' title='bbox 517 1198 639 1258; x_wconf 90' lang='lat' dir='ltr'>meridie</span> <span class='ocrx_word' id='word_1_75' title='bbox 663 1220 755 1259; x_wconf 87' lang='lat' dir='ltr'>vanas</span> <span class='ocrx_word' id='word_1_76' title='bbox 782 1198 962 1277; x_wconf 77' lang='lat' dir='ltr'>prostituere</span> <span class='ocrx_word' id='word_1_77' title='bbox 987 1199 1155 1278; x_wconf 86' lang='lat' dir='ltr'>compellitl</span> 
     </span>
     <span class='ocr_line' id='line_1_11' title="bbox 152 1297 1198 1376; baseline -0.001 -20"><span class='ocrx_word' id='word_1_78' title='bbox 152 1298 235 1373; x_wconf 86' lang='lat' dir='ltr'>Quin</span> <span class='ocrx_word' id='word_1_79' title='bbox 253 1297 312 1358; x_wconf 92' lang='lat' dir='ltr'>imo</span> <span class='ocrx_word' id='word_1_80' title='bbox 326 1305 357 1358; x_wconf 93' lang='lat' dir='ltr'>et</span> <span class='ocrx_word' id='word_1_81' title='bbox 370 1299 439 1358; x_wconf 90' lang='lat' dir='ltr'>deos</span> <span class='ocrx_word' id='word_1_82' title='bbox 453 1303 567 1358; x_wconf 87' lang='lat' dir='ltr'>vestros</span> <span class='ocrx_word' id='word_1_83' title='bbox 587 1297 683 1375; x_wconf 91' lang='lat' dir='ltr'>palam</span> <span class='ocrx_word' id='word_1_84' title='bbox 701 1298 868 1369; x_wconf 82' lang='lat' dir='ltr'>destruunt,</span> <span class='ocrx_word' id='word_1_85' title='bbox 882 1304 913 1357; x_wconf 90' lang='lat' dir='ltr'>et</span> <span class='ocrx_word' id='word_1_86' title='bbox 933 1299 1157 1376; x_wconf 88' lang='lat' dir='ltr'>superstitiones</span> <span class='ocrx_word' id='word_1_87' title='bbox 1167 1320 1198 1356; x_wconf 79' lang='grc' dir='ltr'>ιο</span> 
     </span>
     <span class='ocr_line' id='line_1_12' title="bbox 152 1395 1156 1473; baseline -0.001 -18"><span class='ocrx_word' id='word_1_88' title='bbox 152 1402 266 1457; x_wconf 83' lang='lat' dir='ltr'>vestras</span> <span class='ocrx_word' id='word_1_89' title='bbox 292 1396 506 1455; x_wconf 90' lang='lat' dir='ltr'>commentariis</span> <span class='ocrx_word' id='word_1_90' title='bbox 534 1416 649 1473; x_wconf 87' lang='lat' dir='ltr'>quoque</span> <span class='ocrx_word' id='word_1_91' title='bbox 676 1400 825 1467; x_wconf 87' lang='lat' dir='ltr'>accusant,</span> <span class='ocrx_word' id='word_1_92' title='bbox 848 1395 1040 1456; x_wconf 82' lang='lat' dir='ltr'>laudantibus</span> <span class='ocrx_word' id='word_1_93' title='bbox 1058 1396 1156 1456; x_wconf 73' lang='lat' dir='ltr'>robis.</span> 
     </span>
     <span class='ocr_line' id='line_1_13' title="bbox 152 1494 1157 1572; baseline 0 -18"><span class='ocrx_word' id='word_1_94' title='bbox 152 1494 290 1572; x_wconf 83' lang='lat' dir='ltr'>Plerique</span> <span class='ocrx_word' id='word_1_95' title='bbox 318 1496 406 1553; x_wconf 88' lang='lat' dir='ltr'>etiam</span> <span class='ocrx_word' id='word_1_96' title='bbox 439 1494 472 1553; x_wconf 91' lang='lat' dir='ltr'>in</span> <span class='ocrx_word' id='word_1_97' title='bbox 498 1494 646 1572; x_wconf 88' lang='lat' dir='ltr'>principes</span> <span class='ocrx_word' id='word_1_98' title='bbox 673 1495 784 1553; x_wconf 80' lang='lat' dir='ltr'>latrent</span> <span class='ocrx_word' id='word_1_99' title='bbox 818 1494 1036 1554; x_wconf 81' lang='lat' dir='ltr'>sustinentibus</span> <span class='ocrx_word' id='word_1_100' title='bbox 1064 1494 1157 1554; x_wconf 82' lang='lat' dir='ltr'>vobis.</span> 
     </span>
     <span class='ocr_line' id='line_1_14' title="bbox 152 1592 1158 1671; baseline -0.002 -17"><span class='ocrx_word' id='word_1_101' title='bbox 152 1597 195 1654; x_wconf 88' lang='lat' dir='ltr'>Et</span> <span class='ocrx_word' id='word_1_102' title='bbox 209 1594 324 1654; x_wconf 79' lang='lat' dir='ltr'>facilius</span> <span class='ocrx_word' id='word_1_103' title='bbox 339 1593 445 1653; x_wconf 87' lang='lat' dir='ltr'>statuis</span> <span class='ocrx_word' id='word_1_104' title='bbox 460 1598 490 1652; x_wconf 92' lang='lat' dir='ltr'>et</span> <span class='ocrx_word' id='word_1_105' title='bbox 508 1592 623 1653; x_wconf 89' lang='lat' dir='ltr'>salariis</span> <span class='ocrx_word' id='word_1_106' title='bbox 642 1600 879 1664; x_wconf 87' lang='lat' dir='ltr'>remunerantur,</span> <span class='ocrx_word' id='word_1_107' title='bbox 893 1613 982 1671; x_wconf 88' lang='lat' dir='ltr'>quam</span> <span class='ocrx_word' id='word_1_108' title='bbox 995 1593 1033 1653; x_wconf 91' lang='lat' dir='ltr'>ad</span> <span class='ocrx_word' id='word_1_109' title='bbox 1047 1593 1158 1653; x_wconf 87' lang='lat' dir='ltr'>bestias</span> 
     </span>
     <span class='ocr_line' id='line_1_15' title="bbox 152 1690 1159 1771; baseline -0.002 -20"><span class='ocrx_word' id='word_1_110' title='bbox 152 1693 390 1771; x_wconf 86' lang='lat' dir='ltr'>pronuntiantur.</span> <span class='ocrx_word' id='word_1_111' title='bbox 432 1692 491 1752; x_wconf 85' lang='lat' dir='ltr'>Sed</span> <span class='ocrx_word' id='word_1_112' title='bbox 503 1691 627 1763; x_wconf 89' lang='lat' dir='ltr'>merito;</span> <span class='ocrx_word' id='word_1_113' title='bbox 647 1690 815 1769; x_wconf 87' lang='lat' dir='ltr'>philosophi</span> <span class='ocrx_word' id='word_1_114' title='bbox 829 1691 907 1749; x_wconf 90' lang='lat' dir='ltr'>enim</span> <span class='ocrx_word' id='word_1_115' title='bbox 921 1710 980 1749; x_wconf 88' lang='lat' dir='ltr'>non</span> <span class='ocrx_word' id='word_1_116' title='bbox 995 1690 1159 1770; x_wconf 79' lang='lat' dir='ltr'>Christiani</span> 
     </span>
     <span class='ocr_line' id='line_1_16' title="bbox 152 1777 1198 1868; baseline -0.005 -17"><span class='ocrx_word' id='word_1_117' title='bbox 152 1791 405 1868; x_wconf 82' lang='lat' dir='ltr'>cognominantur.</span> <span class='ocrx_word' id='word_1_118' title='bbox 446 1792 561 1850; x_wconf 88' lang='lat' dir='ltr'>Nomen</span> <span class='ocrx_word' id='word_1_119' title='bbox 585 1790 639 1849; x_wconf 93' lang='lat' dir='ltr'>hoc</span> <span class='ocrx_word' id='word_1_120' title='bbox 660 1789 902 1867; x_wconf 86' lang='lat' dir='ltr'>philosophorum</span> <span class='ocrx_word' id='word_1_121' title='bbox 924 1786 1085 1864; x_wconf 66' lang='lat' dir='ltr'>daemopia&#39;,</span> <span class='ocrx_word' id='word_1_122' title='bbox 1100 1777 1159 1848; x_wconf 82' lang='lat' dir='ltr'>riou</span> <span class='ocrx_word' id='word_1_123' title='bbox 1169 1810 1198 1861; x_wconf 85' lang='lat'>15</span> 
     </span>
     <span class='ocr_line' id='line_1_17' title="bbox 152 1887 1160 1970; baseline -0.006 -17"><span class='ocrx_word' id='word_1_124' title='bbox 152 1895 248 1970; x_wconf 82' lang='lat' dir='ltr'>fugat.</span> <span class='ocrx_word' id='word_1_125' title='bbox 290 1890 411 1967; x_wconf 85' lang='lat' dir='ltr'>Quidni,</span> <span class='ocrx_word' id='word_1_126' title='bbox 430 1911 522 1969; x_wconf 90' lang='lat' dir='ltr'>quum</span> <span class='ocrx_word' id='word_1_127' title='bbox 542 1890 702 1950; x_wconf 88' lang='lat' dir='ltr'>secundum</span> <span class='ocrx_word' id='word_1_128' title='bbox 723 1889 793 1947; x_wconf 89' lang='lat' dir='ltr'>deos</span> <span class='ocrx_word' id='word_1_129' title='bbox 813 1887 982 1966; x_wconf 91' lang='lat' dir='ltr'>philosophi</span> <span class='ocrx_word' id='word_1_130' title='bbox 1005 1888 1160 1947; x_wconf 86' lang='lat' dir='ltr'>daemonas</span> 
     </span>
     <span class='ocr_line' id='line_1_18' title="bbox 153 1985 1158 2070; baseline -0.009 -18"><span class='ocrx_word' id='word_1_131' title='bbox 153 1993 319 2070; x_wconf 82' lang='lat' dir='ltr'>deputeutl</span> <span class='ocrx_word' id='word_1_132' title='bbox 351 1988 480 2050; x_wconf 84' lang='lat' dir='ltr'>Socratis</span> <span class='ocrx_word' id='word_1_133' title='bbox 489 2008 546 2047; x_wconf 87' lang='lat' dir='ltr'>vox</span> <span class='ocrx_word' id='word_1_134' title='bbox 556 1993 619 2047; x_wconf 88' lang='lat' dir='ltr'>est:</span> <span class='ocrx_word' id='word_1_135' title='bbox 642 1986 668 2047; x_wconf 90' lang='lat' dir='ltr'>si</span> <span class='ocrx_word' id='word_1_136' title='bbox 682 1986 866 2045; x_wconf 89' lang='lat' dir='ltr'>daemonium</span> <span class='ocrx_word' id='word_1_137' title='bbox 879 1985 1040 2064; x_wconf 89' lang='lat' dir='ltr'>permittat.</span> <span class='ocrx_word' id='word_1_138' title='bbox 1058 1986 1158 2066; x_wconf 57' lang='lat' dir='ltr'>vIdem</span> 
     </span>
    </p>
   </div>
   <div class='ocr_carea' id='block_1_5' title="bbox 153 2079 1201 2363">
    <p class='ocr_par' dir='ltr' id='par_1_5' title="bbox 153 2079 1201 2363">
     <span class='ocr_line' id='line_1_19' title="bbox 154 2079 1160 2170; baseline -0.008 -20"><span class='ocrx_word' id='word_1_139' title='bbox 154 2098 188 2150; x_wconf 90' lang='lat' dir='ltr'>et</span> <span class='ocrx_word' id='word_1_140' title='bbox 207 2079 299 2170; x_wconf 82' lang='lat' dir='ltr'>quum</span> <span class='ocrx_word' id='word_1_141' title='bbox 319 2087 430 2166; x_wconf 86' lang='lat' dir='ltr'>aliquid</span> <span class='ocrx_word' id='word_1_142' title='bbox 451 2088 488 2147; x_wconf 91' lang='lat' dir='ltr'>de</span> <span class='ocrx_word' id='word_1_143' title='bbox 507 2086 631 2146; x_wconf 87' lang='lat' dir='ltr'>veritate</span> <span class='ocrx_word' id='word_1_144' title='bbox 653 2085 794 2163; x_wconf 90' lang='lat' dir='ltr'>sapiebat,</span> <span class='ocrx_word' id='word_1_145' title='bbox 818 2086 886 2145; x_wconf 90' lang='lat' dir='ltr'>deos</span> <span class='ocrx_word' id='word_1_146' title='bbox 908 2104 1026 2161; x_wconf 88' lang='lat' dir='ltr'>negans,</span> <span class='ocrx_word' id='word_1_147' title='bbox 1049 2083 1160 2148; x_wconf 54' lang='lat' dir='ltr'>Aescur</span> 
     </span>
     <span class='ocr_line' id='line_1_20' title="bbox 153 2182 1160 2267; baseline -0.008 -18"><span class='ocrx_word' id='word_1_148' title='bbox 153 2189 235 2267; x_wconf 89' lang='lat' dir='ltr'>lapio</span> <span class='ocrx_word' id='word_1_149' title='bbox 248 2193 348 2248; x_wconf 86' lang='lat' dir='ltr'>tamen</span> <span class='ocrx_word' id='word_1_150' title='bbox 362 2186 555 2265; x_wconf 87' lang='lat' dir='ltr'>gallinaceum</span> <span class='ocrx_word' id='word_1_151' title='bbox 569 2184 715 2262; x_wconf 87' lang='lat' dir='ltr'>prosecari</span> <span class='ocrx_word' id='word_1_152' title='bbox 731 2187 791 2260; x_wconf 86' lang='lat' dir='ltr'>jam</span> <span class='ocrx_word' id='word_1_153' title='bbox 806 2182 839 2241; x_wconf 90' lang='lat' dir='ltr'>in</span> <span class='ocrx_word' id='word_1_154' title='bbox 852 2183 911 2242; x_wconf 81' lang='lat' dir='ltr'>line</span> <span class='ocrx_word' id='word_1_155' title='bbox 926 2183 1059 2260; x_wconf 81' lang='lat' dir='ltr'>jubebat,</span> <span class='ocrx_word' id='word_1_156' title='bbox 1074 2183 1160 2242; x_wconf 88' lang='lat' dir='ltr'>oredo</span> 
     </span>
     <span class='ocr_line' id='line_1_21' title="bbox 154 2280 1201 2363; baseline -0.009 -15"><span class='ocrx_word' id='word_1_157' title='bbox 154 2290 196 2351; x_wconf 88' lang='lat' dir='ltr'>ob</span> <span class='ocrx_word' id='word_1_158' title='bbox 210 2288 348 2347; x_wconf 92' lang='lat' dir='ltr'>honorem</span> <span class='ocrx_word' id='word_1_159' title='bbox 362 2285 456 2363; x_wconf 87' lang='lat' dir='ltr'>putris</span> <span class='ocrx_word' id='word_1_160' title='bbox 467 2287 538 2361; x_wconf 87' lang='lat' dir='ltr'>ejus,</span> <span class='ocrx_word' id='word_1_161' title='bbox 549 2284 619 2362; x_wconf 91' lang='lat' dir='ltr'>quia</span> <span class='ocrx_word' id='word_1_162' title='bbox 629 2283 778 2343; x_wconf 83' lang='lat' dir='ltr'>Socratem</span> <span class='ocrx_word' id='word_1_163' title='bbox 788 2281 897 2361; x_wconf 89' lang='lat' dir='ltr'>Apollo</span> <span class='ocrx_word' id='word_1_164' title='bbox 911 2280 1160 2360; x_wconf 87' lang='lat' dir='ltr'>sapientissimum</span> <span class='ocrx_word' id='word_1_165' title='bbox 1169 2311 1201 2346; x_wconf 78' lang='lat'>20</span> 
     </span>
    </p>
   </div>
   <div class='ocr_carea' id='block_1_6' title="bbox 154 2437 1269 3924">
    <p class='ocr_par' dir='ltr' id='par_1_6' title="bbox 154 2437 1163 2801">
     <span class='ocr_line' id='line_1_22' title="bbox 193 2437 1161 2504; baseline -0.009 -9"><span class='ocrx_word' id='word_1_166' title='bbox 193 2462 216 2497; x_wconf 81' lang='lat' dir='ltr'>a.</span> <span class='ocrx_word' id='word_1_167' title='bbox 232 2445 430 2503; x_wconf 77' lang='lat' dir='ltr'>philosophiae</span> <span class='ocrx_word' id='word_1_168' title='bbox 448 2456 544 2500; x_wconf 73' lang='lat' dir='ltr'>genus.</span> <span class='ocrx_word' id='word_1_169' title='bbox 579 2440 617 2504; x_wconf 89' lang='lat'>(4)</span> <span class='ocrx_word' id='word_1_170' title='bbox 638 2440 700 2489; x_wconf 83' lang='lat' dir='ltr'>This</span> <span class='ocrx_word' id='word_1_171' title='bbox 718 2439 800 2489; x_wconf 47' lang='lat' dir='ltr'>forms*</span> <span class='ocrx_word' id='word_1_172' title='bbox 813 2439 858 2489; x_wconf 89' lang='lat' dir='ltr'>the</span> <span class='ocrx_word' id='word_1_173' title='bbox 877 2438 963 2488; x_wconf 80' lang='lat' dir='ltr'>fourth</span> <span class='ocrx_word' id='word_1_174' title='bbox 980 2437 1031 2488; x_wconf 87' lang='lat' dir='ltr'>and</span> <span class='ocrx_word' id='word_1_175' title='bbox 1046 2438 1099 2487; x_wconf 87' lang='lat' dir='ltr'>last</span> <span class='ocrx_word' id='word_1_176' title='bbox 1115 2437 1161 2486; x_wconf 85' lang='lat' dir='ltr'>ob·</span> 
     </span>
     <span class='ocr_line' id='line_1_23' title="bbox 154 2509 1163 2587; baseline -0.014 -16"><span class='ocrx_word' id='word_1_177' title='bbox 154 2519 268 2587; x_wconf 83' lang='lat' dir='ltr'>jection:</span> <span class='ocrx_word' id='word_1_178' title='bbox 285 2518 346 2566; x_wconf 83' lang='lat' dir='ltr'>‘All</span> <span class='ocrx_word' id='word_1_179' title='bbox 363 2517 418 2565; x_wconf 83' lang='lat' dir='ltr'>said</span> <span class='ocrx_word' id='word_1_180' title='bbox 434 2516 485 2566; x_wconf 86' lang='lat' dir='ltr'>and</span> <span class='ocrx_word' id='word_1_181' title='bbox 502 2515 575 2574; x_wconf 89' lang='lat' dir='ltr'>done,</span> <span class='ocrx_word' id='word_1_182' title='bbox 587 2530 640 2564; x_wconf 84' lang='lat' dir='ltr'>was</span> <span class='ocrx_word' id='word_1_183' title='bbox 656 2519 703 2563; x_wconf 90' lang='lat' dir='ltr'>not</span> <span class='ocrx_word' id='word_1_184' title='bbox 713 2514 883 2578; x_wconf 84' lang='lat' dir='ltr'>Christianity</span> <span class='ocrx_word' id='word_1_185' title='bbox 893 2512 991 2578; x_wconf 81' lang='lat' dir='ltr'>merely</span> <span class='ocrx_word' id='word_1_186' title='bbox 1000 2528 1017 2561; x_wconf 86' lang='lat' dir='ltr'>a</span> <span class='ocrx_word' id='word_1_187' title='bbox 1032 2511 1118 2561; x_wconf 89' lang='lat' dir='ltr'>school</span> <span class='ocrx_word' id='word_1_188' title='bbox 1134 2509 1163 2557; x_wconf 82' lang='lat' dir='ltr'>of</span> 
     </span>
     <span class='ocr_line' id='line_1_24' title="bbox 154 2586 1160 2662; baseline -0.012 -18"><span class='ocrx_word' id='word_1_189' title='bbox 154 2591 339 2662; x_wconf 81' lang='lat' dir='ltr'>philosophy’l</span> <span class='ocrx_word' id='word_1_190' title='bbox 372 2587 447 2651; x_wconf 89' lang='lat' dir='ltr'>‘No,‘</span> <span class='ocrx_word' id='word_1_191' title='bbox 465 2604 523 2654; x_wconf 82' lang='lat' dir='ltr'>says</span> <span class='ocrx_word' id='word_1_192' title='bbox 539 2588 690 2648; x_wconf 76' lang='lat' dir='ltr'>Tertullian,</span> <span class='ocrx_word' id='word_1_193' title='bbox 710 2596 765 2638; x_wconf 86' lang='lat' dir='ltr'>‘we</span> <span class='ocrx_word' id='word_1_194' title='bbox 784 2588 851 2636; x_wconf 82' lang='lat' dir='ltr'>have</span> <span class='ocrx_word' id='word_1_195' title='bbox 870 2586 980 2649; x_wconf 84' lang='lat' dir='ltr'>nothing</span> <span class='ocrx_word' id='word_1_196' title='bbox 999 2586 1028 2633; x_wconf 86' lang='lat' dir='ltr'>iu</span> <span class='ocrx_word' id='word_1_197' title='bbox 1046 2597 1160 2634; x_wconf 87' lang='lat' dir='ltr'>common</span> 
     </span>
     <span class='ocr_line' id='line_1_25' title="bbox 156 2656 1161 2734; baseline -0.014 -14"><span class='ocrx_word' id='word_1_198' title='bbox 156 2668 223 2720; x_wconf 82' lang='lat' dir='ltr'>with</span> <span class='ocrx_word' id='word_1_199' title='bbox 233 2667 279 2717; x_wconf 86' lang='lat' dir='ltr'>tha</span> <span class='ocrx_word' id='word_1_200' title='bbox 289 2665 476 2729; x_wconf 67' lang='lat' dir='ltr'>philosophem</span> <span class='ocrx_word' id='word_1_201' title='bbox 492 2668 537 2727; x_wconf 86' lang='lat' dir='ltr'>yet</span> <span class='ocrx_word' id='word_1_202' title='bbox 552 2662 575 2711; x_wconf 83' lang='lat' dir='ltr'>if</span> <span class='ocrx_word' id='word_1_203' title='bbox 585 2678 636 2727; x_wconf 88' lang='lat' dir='ltr'>you</span> <span class='ocrx_word' id='word_1_204' title='bbox 652 2663 752 2711; x_wconf 83' lang='lat' dir='ltr'>believe</span> <span class='ocrx_word' id='word_1_205' title='bbox 768 2661 828 2711; x_wconf 82' lang='lat' dir='ltr'>that</span> <span class='ocrx_word' id='word_1_206' title='bbox 838 2678 877 2734; x_wconf 65' lang='lat' dir='ltr'>ure</span> <span class='ocrx_word' id='word_1_207' title='bbox 892 2661 966 2721; x_wconf 88' lang='lat' dir='ltr'>have,</span> <span class='ocrx_word' id='word_1_208' title='bbox 978 2676 1029 2726; x_wconf 89' lang='lat' dir='ltr'>you</span> <span class='ocrx_word' id='word_1_209' title='bbox 1043 2659 1124 2722; x_wconf 82' lang='lat' dir='ltr'>ought</span> <span class='ocrx_word' id='word_1_210' title='bbox 1133 2656 1161 2707; x_wconf 84' lang='lat' dir='ltr'>to</span> 
     </span>
     <span class='ocr_line' id='line_1_26' title="bbox 156 2728 1122 2801; baseline -0.011 -8"><span class='ocrx_word' id='word_1_211' title='bbox 156 2742 253 2794; x_wconf 88' lang='lat' dir='ltr'>extend</span> <span class='ocrx_word' id='word_1_212' title='bbox 262 2748 290 2790; x_wconf 86' lang='lat' dir='ltr'>to</span> <span class='ocrx_word' id='word_1_213' title='bbox 302 2756 330 2789; x_wconf 88' lang='lat' dir='ltr'>us</span> <span class='ocrx_word' id='word_1_214' title='bbox 341 2740 386 2789; x_wconf 90' lang='lat' dir='ltr'>the</span> <span class='ocrx_word' id='word_1_215' title='bbox 397 2754 465 2788; x_wconf 86' lang='lat' dir='ltr'>same</span> <span class='ocrx_word' id='word_1_216' title='bbox 474 2738 569 2787; x_wconf 89' lang='lat' dir='ltr'>licence</span> <span class='ocrx_word' id='word_1_217' title='bbox 580 2736 662 2785; x_wconf 88' lang='lat' dir='ltr'>which</span> <span class='ocrx_word' id='word_1_218' title='bbox 673 2736 736 2801; x_wconf 88' lang='lat' dir='ltr'>they</span> <span class='ocrx_word' id='word_1_219' title='bbox 746 2732 837 2800; x_wconf 64' lang='lat' dir='ltr'>enioy!</span> <span class='ocrx_word' id='word_1_220' title='bbox 1080 2738 1084 2751; x_wconf 75' lang='lat'>²</span> <span class='ocrx_word' id='word_1_221' title='bbox 1119 2728 1122 2736; x_wconf 74' lang='grc'>’</span> 
     </span>
    </p>

    <p class='ocr_par' dir='ltr' id='par_1_7' title="bbox 158 2804 1161 3100">
     <span class='ocr_line' id='line_1_27' title="bbox 194 2804 1161 2872; baseline -0.013 -7"><span class='ocrx_word' id='word_1_222' title='bbox 194 2830 234 2866; x_wconf 86' lang='lat' dir='ltr'>rc.</span> <span class='ocrx_word' id='word_1_223' title='bbox 253 2817 330 2872; x_wconf 75' lang='lat' dir='ltr'>Quin</span> <span class='ocrx_word' id='word_1_224' title='bbox 345 2817 403 2861; x_wconf 88' lang='lat' dir='ltr'>imo</span> <span class='ocrx_word' id='word_1_225' title='bbox 420 2818 449 2862; x_wconf 88' lang='lat' dir='ltr'>et</span> <span class='ocrx_word' id='word_1_226' title='bbox 466 2814 534 2861; x_wconf 84' lang='lat' dir='ltr'>deos</span> <span class='ocrx_word' id='word_1_227' title='bbox 549 2816 669 2859; x_wconf 83' lang='lat' dir='ltr'>vestros.</span> <span class='ocrx_word' id='word_1_228' title='bbox 703 2811 744 2860; x_wconf 87' lang='lat' dir='ltr'>On</span> <span class='ocrx_word' id='word_1_229' title='bbox 755 2811 800 2859; x_wconf 82' lang='lat' dir='ltr'>che</span> <span class='ocrx_word' id='word_1_230' title='bbox 811 2809 918 2859; x_wconf 87' lang='lat' dir='ltr'>ridicule</span> <span class='ocrx_word' id='word_1_231' title='bbox 928 2805 1027 2870; x_wconf 86' lang='lat' dir='ltr'>heaped</span> <span class='ocrx_word' id='word_1_232' title='bbox 1038 2809 1106 2869; x_wconf 83' lang='lat' dir='ltr'>upon</span> <span class='ocrx_word' id='word_1_233' title='bbox 1116 2804 1161 2853; x_wconf 89' lang='lat' dir='ltr'>the</span> 
     </span>
     <span class='ocr_line' id='line_1_28' title="bbox 158 2878 1161 2956; baseline -0.018 -14"><span class='ocrx_word' id='word_1_234' title='bbox 158 2891 222 2956; x_wconf 85' lang='lat' dir='ltr'>gods</span> <span class='ocrx_word' id='word_1_235' title='bbox 232 2888 323 2952; x_wconf 86' lang='lat' dir='ltr'>hythe</span> <span class='ocrx_word' id='word_1_236' title='bbox 333 2886 503 2951; x_wconf 78' lang='lat' dir='ltr'>philosophare</span> <span class='ocrx_word' id='word_1_237' title='bbox 514 2885 576 2934; x_wconf 83' lang='lat' dir='ltr'>with</span> <span class='ocrx_word' id='word_1_238' title='bbox 593 2885 702 2948; x_wconf 88' lang='lat' dir='ltr'>popular</span> <span class='ocrx_word' id='word_1_239' title='bbox 713 2884 842 2948; x_wconf 81' lang='lat' dir='ltr'>approval,</span> <span class='ocrx_word' id='word_1_240' title='bbox 854 2899 896 2932; x_wconf 91' lang='lat' dir='ltr'>see</span> <span class='ocrx_word' id='word_1_241' title='bbox 910 2882 999 2937; x_wconf 84' lang='lat' dir='ltr'>above,</span> <span class='ocrx_word' id='word_1_242' title='bbox 1010 2878 1048 2928; x_wconf 89' lang='lat' dir='ltr'>ch.</span> <span class='ocrx_word' id='word_1_243' title='bbox 1063 2891 1102 2938; x_wconf 78' lang='grc' dir='ltr'>ιι,</span> <span class='ocrx_word' id='word_1_244' title='bbox 1115 2891 1161 2940; x_wconf 82' lang='grc' dir='ltr'>ι4;</span> 
     </span>
     <span class='ocr_line' id='line_1_29' title="bbox 159 2951 1160 3025; baseline -0.018 -8"><span class='ocrx_word' id='word_1_245' title='bbox 159 2968 231 3017; x_wconf 80' lang='lat' dir='ltr'>Just.</span> <span class='ocrx_word' id='word_1_246' title='bbox 244 2964 323 3012; x_wconf 85' lang='lat' dir='ltr'>Mart.</span> <span class='ocrx_word' id='word_1_247' title='bbox 336 2960 408 3025; x_wconf 78' lang='lat' dir='ltr'>Apol.</span> <span class='ocrx_word' id='word_1_248' title='bbox 419 2962 437 3009; x_wconf 89' lang='lat' dir='ltr'>i.</span> <span class='ocrx_word' id='word_1_249' title='bbox 449 2975 480 3023; x_wconf 91' lang='lat'>4;</span> <span class='ocrx_word' id='word_1_250' title='bbox 497 2960 592 3022; x_wconf 86' lang='lat' dir='ltr'>Origen</span> <span class='ocrx_word' id='word_1_251' title='bbox 605 2963 681 3008; x_wconf 78' lang='lat' dir='ltr'>contr.</span> <span class='ocrx_word' id='word_1_252' title='bbox 698 2959 760 3009; x_wconf 78' lang='lat' dir='ltr'>Oeta.</span> <span class='ocrx_word' id='word_1_253' title='bbox 776 2959 793 3007; x_wconf 91' lang='lat' dir='ltr'>i.</span> <span class='ocrx_word' id='word_1_254' title='bbox 809 2972 841 3020; x_wconf 74' lang='lat'>45</span> <span class='ocrx_word' id='word_1_255' title='bbox 856 2954 1011 3019; x_wconf 85' lang='lat' dir='ltr'>Theophilus</span> <span class='ocrx_word' id='word_1_256' title='bbox 1027 2952 1064 3001; x_wconf 82' lang='lat' dir='ltr'>cd</span> <span class='ocrx_word' id='word_1_257' title='bbox 1078 2951 1160 3000; x_wconf 79' lang='lat' dir='ltr'>Autol.</span> 
     </span>
     <span class='ocr_line' id='line_1_30' title="bbox 159 3034 1158 3100; baseline -0.023 -9"><span class='ocrx_word' id='word_1_258' title='bbox 159 3042 198 3091; x_wconf 90' lang='lat' dir='ltr'>iii</span> <span class='ocrx_word' id='word_1_259' title='bbox 212 3053 233 3100; x_wconf 83' lang='lat'>3.</span> <span class='ocrx_word' id='word_1_260' title='bbox 247 3039 277 3096; x_wconf 80' lang='lat'>83</span> <span class='ocrx_word' id='word_1_261' title='bbox 293 3036 387 3086; x_wconf 79' lang='lat' dir='ltr'>Tatian</span> <span class='ocrx_word' id='word_1_262' title='bbox 400 3045 430 3098; x_wconf 75' lang='lat'>27</span> <span class='ocrx_word' id='word_1_263' title='bbox 439 3051 446 3094; x_wconf 91' lang='lat'>;</span> <span class='ocrx_word' id='word_1_264' title='bbox 462 3034 590 3097; x_wconf 85' lang='lat' dir='ltr'>Athenag.</span> <span class='ocrx_word' id='word_1_265' title='bbox 605 3041 629 3095; x_wconf 83' lang='lat'>7,</span> <span class='ocrx_word' id='word_1_266' title='bbox 643 3047 681 3094; x_wconf 67' lang='lat'>²4</span> <span class='ocrx_word' id='word_1_267' title='bbox 1155 3037 1158 3044; x_wconf 91' lang='lat'>·</span> 
     </span>
    </p>

    <p class='ocr_par' dir='ltr' id='par_1_8' title="bbox 160 3097 1163 3323">
     <span class='ocr_line' id='line_1_31' title="bbox 197 3097 1162 3174; baseline -0.016 -13"><span class='ocrx_word' id='word_1_268' title='bbox 197 3125 235 3174; x_wconf 79' lang='lat'>13.</span> <span class='ocrx_word' id='word_1_269' title='bbox 252 3113 370 3161; x_wconf 68' lang='lat' dir='ltr'>salamis.</span> <span class='ocrx_word' id='word_1_270' title='bbox 405 3109 438 3157; x_wconf 94' lang='lat' dir='ltr'>In</span> <span class='ocrx_word' id='word_1_271' title='bbox 449 3109 484 3157; x_wconf 90' lang='lat' dir='ltr'>its</span> <span class='ocrx_word' id='word_1_272' title='bbox 494 3109 560 3157; x_wconf 87' lang='lat' dir='ltr'>later</span> <span class='ocrx_word' id='word_1_273' title='bbox 572 3106 747 3170; x_wconf 82' lang='lat' dir='ltr'>signification,</span> <span class='ocrx_word' id='word_1_274' title='bbox 760 3106 770 3133; x_wconf 82' lang='lat'><em>‘</em></span> <span class='ocrx_word' id='word_1_275' title='bbox 776 3102 923 3167; x_wconf 88' lang='lat' dir='ltr'>stipends’;</span> <span class='ocrx_word' id='word_1_276' title='bbox 940 3116 981 3150; x_wconf 86' lang='lat' dir='ltr'>see</span> <span class='ocrx_word' id='word_1_277' title='bbox 996 3099 1064 3148; x_wconf 91' lang='lat' dir='ltr'>Plin.</span> <span class='ocrx_word' id='word_1_278' title='bbox 1077 3097 1106 3147; x_wconf 85' lang='lat' dir='ltr'><em>N</em></span> <span class='ocrx_word' id='word_1_279' title='bbox 1106 3136 1112 3148; x_wconf 86' lang='lat'>.</span> <span class='ocrx_word' id='word_1_280' title='bbox 1125 3097 1162 3147; x_wconf 79' lang='lat' dir='ltr'>H.</span> 
     </span>
     <span class='ocr_line' id='line_1_32' title="bbox 160 3172 1163 3249; baseline -0.019 -11"><span class='ocrx_word' id='word_1_281' title='bbox 160 3188 230 3238; x_wconf 83' lang='lat' dir='ltr'>xxxi.</span> <span class='ocrx_word' id='word_1_282' title='bbox 244 3196 267 3249; x_wconf 84' lang='lat'>7.</span> <span class='ocrx_word' id='word_1_283' title='bbox 279 3198 320 3248; x_wconf 86' lang='lat'>41,</span> <span class='ocrx_word' id='word_1_284' title='bbox 332 3183 386 3233; x_wconf 81' lang='lat' dir='ltr'>‘sal</span> <span class='ocrx_word' id='word_1_285' title='bbox 396 3181 532 3231; x_wconf 86' lang='lat' dir='ltr'>honoribus</span> <span class='ocrx_word' id='word_1_286' title='bbox 543 3182 620 3229; x_wconf 90' lang='lat' dir='ltr'>etiam</span> <span class='ocrx_word' id='word_1_287' title='bbox 635 3180 794 3243; x_wconf 84' lang='lat' dir='ltr'>militiaeque</span> <span class='ocrx_word' id='word_1_288' title='bbox 804 3174 985 3242; x_wconf 85' lang='lat' dir='ltr'>interponitur,</span> <span class='ocrx_word' id='word_1_289' title='bbox 996 3173 1093 3222; x_wconf 86' lang='lat' dir='ltr'>salariis</span> <span class='ocrx_word' id='word_1_290' title='bbox 1103 3172 1163 3220; x_wconf 89' lang='lat' dir='ltr'>inde</span> 
     </span>
     <span class='ocr_line' id='line_1_33' title="bbox 161 3250 736 3323; baseline -0.019 -10"><span class='ocrx_word' id='word_1_291' title='bbox 161 3262 245 3320; x_wconf 84' lang='lat' dir='ltr'>dictis,</span> <span class='ocrx_word' id='word_1_292' title='bbox 257 3274 350 3323; x_wconf 85' lang='lat' dir='ltr'>magua</span> <span class='ocrx_word' id='word_1_293' title='bbox 361 3257 428 3321; x_wconf 82' lang='lat' dir='ltr'>apud</span> <span class='ocrx_word' id='word_1_294' title='bbox 439 3257 556 3318; x_wconf 86' lang='lat' dir='ltr'>antiquos</span> <span class='ocrx_word' id='word_1_295' title='bbox 567 3250 736 3304; x_wconf 64' lang='lat' dir='ltr'>auctoritate!</span> 
     </span>
    </p>

    <p class='ocr_par' dir='ltr' id='par_1_9' title="bbox 199 3325 884 3398">
     <span class='ocr_line' id='line_1_34' title="bbox 199 3325 884 3398; baseline -0.016 -14"><span class='ocrx_word' id='word_1_296' title='bbox 199 3348 237 3398; x_wconf 80' lang='lat'>14.</span> <span class='ocrx_word' id='word_1_297' title='bbox 252 3336 491 3392; x_wconf 76' lang='lat' dir='ltr'>pronuntiantur:</span> <span class='ocrx_word' id='word_1_298' title='bbox 507 3325 677 3378; x_wconf 84' lang='lat' dir='ltr'>‘sentenced&#39;</span> <span class='ocrx_word' id='word_1_299' title='bbox 711 3328 797 3390; x_wconf 80' lang='lat' dir='ltr'>Gomp.</span> <span class='ocrx_word' id='word_1_300' title='bbox 809 3326 848 3375; x_wconf 90' lang='lat' dir='ltr'>ch.</span> <span class='ocrx_word' id='word_1_301' title='bbox 863 3338 884 3373; x_wconf 84' lang='grc' dir='ltr'>ι.</span> 
     </span>
    </p>

    <p class='ocr_par' dir='ltr' id='par_1_10' title="bbox 198 3393 1163 3466">
     <span class='ocr_line' id='line_1_35' title="bbox 198 3393 1163 3466; baseline -0.02 -6"><span class='ocrx_word' id='word_1_302' title='bbox 198 3412 237 3460; x_wconf 86' lang='lat'>18.</span> <span class='ocrx_word' id='word_1_303' title='bbox 254 3410 433 3464; x_wconf 78' lang='lat' dir='ltr'>Aesculapio.</span> <span class='ocrx_word' id='word_1_304' title='bbox 452 3405 528 3455; x_wconf 81' lang='lat' dir='ltr'>Plato</span> <span class='ocrx_word' id='word_1_305' title='bbox 538 3402 634 3452; x_wconf 75' lang='lat' dir='ltr'>Ptaed.</span> <span class='ocrx_word' id='word_1_306' title='bbox 648 3414 703 3466; x_wconf 81' lang='lat'>155·</span> <span class='ocrx_word' id='word_1_307' title='bbox 723 3402 809 3465; x_wconf 85' lang='lat' dir='ltr'>Ocmp.</span> <span class='ocrx_word' id='word_1_308' title='bbox 818 3399 849 3447; x_wconf 80' lang='lat' dir='ltr'>de</span> <span class='ocrx_word' id='word_1_309' title='bbox 860 3409 998 3456; x_wconf 84' lang='lat' dir='ltr'>corou.10;</span> <span class='ocrx_word' id='word_1_310' title='bbox 1015 3393 1129 3444; x_wconf 57' lang='lat' dir='ltr'>monim.</span> <span class='ocrx_word' id='word_1_311' title='bbox 1143 3405 1163 3441; x_wconf 65' lang='grc' dir='ltr'>ι’,</span> 
     </span>
    </p>

    <p class='ocr_par' dir='ltr' id='par_1_11' title="bbox 200 3473 697 3548">
     <span class='ocr_line' id='line_1_36' title="bbox 200 3473 697 3548; baseline -0.018 -16"><span class='ocrx_word' id='word_1_312' title='bbox 200 3498 238 3548; x_wconf 69' lang='lat' dir='ltr'>su</span> <span class='ocrx_word' id='word_1_313' title='bbox 257 3483 406 3541; x_wconf 76' lang='lat' dir='ltr'>prosecari.</span> <span class='ocrx_word' id='word_1_314' title='bbox 435 3477 611 3538; x_wconf 87' lang='lat' dir='ltr'>Seenote‚ch.</span> <span class='ocrx_word' id='word_1_315' title='bbox 625 3491 647 3540; x_wconf 91' lang='lat'>9.</span> <span class='ocrx_word' id='word_1_316' title='bbox 690 3473 697 3492; x_wconf 91' lang='lat'><strong><em>‘</em></strong></span> 
     </span>
    </p>

    <p class='ocr_par' dir='ltr' id='par_1_12' title="bbox 162 3542 1269 3924">
     <span class='ocr_line' id='line_1_37' title="bbox 199 3542 1165 3612; baseline -0.019 -5"><span class='ocrx_word' id='word_1_317' title='bbox 199 3572 239 3610; x_wconf 70' lang='grc' dir='ltr'>ιο.</span> <span class='ocrx_word' id='word_1_318' title='bbox 258 3560 402 3607; x_wconf 50' lang='lat' dir='ltr'>scemam</span> <span class='ocrx_word' id='word_1_319' title='bbox 412 3556 517 3612; x_wconf 79' lang='lat' dir='ltr'>Apollo</span> <span class='ocrx_word' id='word_1_320' title='bbox 534 3552 783 3610; x_wconf 74' lang='lat' dir='ltr'>sapientissimum,</span> <span class='ocrx_word' id='word_1_321' title='bbox 816 3548 903 3612; x_wconf 80' lang='lat' dir='ltr'>(temp.</span> <span class='ocrx_word' id='word_1_322' title='bbox 916 3545 1004 3606; x_wconf 83' lang='lat' dir='ltr'>above,</span> <span class='ocrx_word' id='word_1_323' title='bbox 1015 3542 1054 3593; x_wconf 84' lang='lat' dir='ltr'>ch.</span> <span class='ocrx_word' id='word_1_324' title='bbox 1072 3555 1117 3601; x_wconf 79' lang='lat'>113</span> <span class='ocrx_word' id='word_1_325' title='bbox 1133 3543 1165 3590; x_wconf 79' lang='lat' dir='ltr'>rte</span> 
     </span>
     <span class='ocr_line' id='line_1_38' title="bbox 162 3615 1269 3690; baseline -0.02 -7"><span class='ocrx_word' id='word_1_326' title='bbox 162 3635 244 3684; x_wconf 71' lang='lat' dir='ltr'>cah».</span> <span class='ocrx_word' id='word_1_327' title='bbox 258 3645 269 3680; x_wconf 87' lang='lat'><strong>1</strong></span> <span class='ocrx_word' id='word_1_328' title='bbox 280 3647 287 3690; x_wconf 91' lang='lat'>;</span> <span class='ocrx_word' id='word_1_329' title='bbox 303 3630 333 3680; x_wconf 74' lang='lat' dir='ltr'>de</span> <span class='ocrx_word' id='word_1_330' title='bbox 343 3644 427 3679; x_wconf 75' lang='lat' dir='ltr'>corea.</span> <span class='ocrx_word' id='word_1_331' title='bbox 442 3641 486 3686; x_wconf 87' lang='lat'>10;</span> <span class='ocrx_word' id='word_1_332' title='bbox 503 3626 562 3674; x_wconf 85' lang='lat' dir='ltr'>Val.</span> <span class='ocrx_word' id='word_1_333' title='bbox 572 3625 643 3674; x_wconf 85' lang='lat' dir='ltr'>Max.</span> <span class='ocrx_word' id='word_1_334' title='bbox 654 3624 692 3672; x_wconf 88' lang='lat' dir='ltr'>iii.</span> <span class='ocrx_word' id='word_1_335' title='bbox 705 3637 729 3685; x_wconf 90' lang='lat'>4,</span> <span class='ocrx_word' id='word_1_336' title='bbox 737 3625 745 3648; x_wconf 89' lang='lat'>‘</span> <span class='ocrx_word' id='word_1_337' title='bbox 753 3622 868 3671; x_wconf 47' lang='lat' dir='ltr'>&amp;rates</span> <span class='ocrx_word' id='word_1_338' title='bbox 878 3635 929 3669; x_wconf 89' lang='lat' dir='ltr'>non</span> <span class='ocrx_word' id='word_1_339' title='bbox 940 3617 1022 3668; x_wconf 85' lang='lat' dir='ltr'>solum</span> <span class='ocrx_word' id='word_1_340' title='bbox 1032 3615 1165 3665; x_wconf 90' lang='lat' dir='ltr'>hominum</span> <span class='ocrx_word' id='word_1_341' title='bbox 1266 3619 1269 3625; x_wconf 83' lang='lat'>&#39;</span> 
     </span>
     <span class='ocr_line' id='line_1_39' title="bbox 163 3686 1164 3766; baseline -0.02 -9"><span class='ocrx_word' id='word_1_342' title='bbox 163 3722 296 3766; x_wconf 72' lang='lat' dir='ltr'>commu,</span> <span class='ocrx_word' id='word_1_343' title='bbox 316 3719 404 3753; x_wconf 82' lang='lat' dir='ltr'>verum</span> <span class='ocrx_word' id='word_1_344' title='bbox 425 3703 503 3752; x_wconf 86' lang='lat' dir='ltr'>etiam</span> <span class='ocrx_word' id='word_1_345' title='bbox 523 3699 653 3764; x_wconf 87' lang='lat' dir='ltr'>Apollinis</span> <span class='ocrx_word' id='word_1_346' title='bbox 674 3697 776 3746; x_wconf 89' lang='lat' dir='ltr'>oraculo</span> <span class='ocrx_word' id='word_1_347' title='bbox 797 3693 997 3759; x_wconf 83' lang='lat' dir='ltr'>sapientissimus</span> <span class='ocrx_word' id='word_1_348' title='bbox 1018 3686 1164 3755; x_wconf 67' lang='lat' dir='ltr'>judicatus)</span> 
     </span>
     <span class='ocr_line' id='line_1_40' title="bbox 163 3764 1167 3842; baseline -0.021 -11"><span class='ocrx_word' id='word_1_349' title='bbox 163 3783 219 3832; x_wconf 74' lang='lat' dir='ltr'>The</span> <span class='ocrx_word' id='word_1_350' title='bbox 236 3779 351 3829; x_wconf 79' lang='lat' dir='ltr'>oraculas</span> <span class='ocrx_word' id='word_1_351' title='bbox 363 3777 436 3842; x_wconf 89' lang='lat' dir='ltr'>reply</span> <span class='ocrx_word' id='word_1_352' title='bbox 449 3778 477 3825; x_wconf 84' lang='lat' dir='ltr'>of</span> <span class='ocrx_word' id='word_1_353' title='bbox 486 3775 588 3839; x_wconf 88' lang='lat' dir='ltr'>Apollo,</span> <span class='ocrx_word' id='word_1_354' title='bbox 599 3770 704 3834; x_wconf 79' lang='grc' dir='ltr'>Ἀνδρῶν</span> <span class='ocrx_word' id='word_1_355' title='bbox 720 3768 832 3818; x_wconf 75' lang='grc' dir='ltr'>ἁπάντων</span> <span class='ocrx_word' id='word_1_356' title='bbox 849 3764 976 3830; x_wconf 73' lang='grc' dir='ltr'>Σωκράτης</span> <span class='ocrx_word' id='word_1_357' title='bbox 991 3764 1132 3829; x_wconf 59' lang='grc' dir='ltr'><strong><em>σοφώτατος</em></strong></span> <span class='ocrx_word' id='word_1_358' title='bbox 1144 3764 1167 3811; x_wconf 85' lang='lat' dir='ltr'>is</span> 
     </span>
     <span class='ocr_line' id='line_1_41' title="bbox 163 3845 1125 3924; baseline -0.016 -19"><span class='ocrx_word' id='word_1_359' title='bbox 163 3857 243 3924; x_wconf 81' lang='lat' dir='ltr'>given</span> <span class='ocrx_word' id='word_1_360' title='bbox 254 3854 327 3918; x_wconf 86' lang='lat' dir='ltr'>Diog.</span> <span class='ocrx_word' id='word_1_361' title='bbox 339 3852 423 3902; x_wconf 88' lang='lat' dir='ltr'>Laert.</span> <span class='ocrx_word' id='word_1_362' title='bbox 434 3852 461 3901; x_wconf 89' lang='lat' dir='ltr'>ii.</span> <span class='ocrx_word' id='word_1_363' title='bbox 475 3861 514 3914; x_wconf 77' lang='lat'>37.</span> <span class='ocrx_word' id='word_1_364' title='bbox 1006 3857 1008 3862; x_wconf 88' lang='lat'>·</span> <span class='ocrx_word' id='word_1_365' title='bbox 1069 3845 1073 3855; x_wconf 86' lang='grc'><em>“</em></span> <span class='ocrx_word' id='word_1_366' title='bbox 1122 3851 1125 3856; x_wconf 80' lang='grc'><strong><em>’</em></strong></span> 
     </span>
    </p>
   </div>
   <div class='ocr_carea' id='block_1_7' title="bbox 0 0 1416 4242">
    <p class='ocr_par' dir='ltr' id='par_1_13' title="bbox 0 0 1416 4242">
     <span class='ocr_line' id='line_1_42' title="bbox 0 0 1416 4242; baseline 0 0"><span class='ocrx_word' id='word_1_367' title='bbox 0 0 1416 4242; x_wconf 95' lang='lat' dir='ltr'> </span> 
     </span>
    </p>
   </div>
  </div>
 </body>
</html>
