2784 4242
154 195 308 260 cram]
351 187 510 253 adversus
533 187 651 253 Gentes
665 199 729 270 pro
755 187 962 254 Christianis.
1115 201 1158 270 55

152 361 235 439 plius
261 360 294 420 in
319 381 360 434 eo,
383 361 416 419 in
440 382 497 439 quo
520 381 631 422 errasse
658 382 690 422 se
717 363 945 440 recognoscendo
973 363 1158 424 cessaverint.

155 461 224 520 Hoc
236 461 319 538 prius
333 461 437 538 capite,
452 468 482 520 et
496 481 610 521 omnem
629 461 701 521 hinc
721 462 897 522 sacramenti
916 462 1011 522 nostri
1029 462 1159 523 ordinem

153 559 284 632 ιιιιιιιιι,
299 559 476 637 repercussis
489 566 558 620 ante
571 566 670 620 tamen
685 559 872 638 opinionibus
885 561 975 622 falsis.

537 751 673 812 seror
694 752 776 810 ιιι.

100 951 104 954 ἢ
197 870 284 945 Neu,
306 877 342 929 ut
367 870 496 948 quidam,
523 871 689 930 somniastis
712 877 800 948 caput
821 871 969 931 asininum
990 892 1052 931 esse
1073 873 1184 940 deums

155 975 299 1028 nostrum.
341 970 428 1029 Hanc
457 954 614 1029 Cornelius
640 953 760 1029 Tacitus
795 971 989 1048 suspicionem
1019 971 1161 1048 ejusmodi

154 1067 288 1127 inseruit.
330 1067 362 1127 Is
388 1067 466 1126 euim
492 1066 525 1125 in
549 1068 655 1145 quinta
677 1068 877 1128 Historiarum
905 1090 1024 1129 suarum
1051 1071 1161 1128 bellum

154 1164 316 1224 Judaicum
343 1186 463 1225 exorsus
489 1167 527 1224 ab
554 1166 668 1243 origine
694 1167 799 1243 gentis,
827 1167 915 1226 etiam
943 1168 979 1227 de
1007 1168 1073 1244 ipsa
1099 1174 1161 1227 tam

154 1263 280 1340 origine,
302 1284 391 1341 quem
415 1264 451 1323 de
477 1264 593 1323 nomine
620 1275 651 1324 et
678 1264 818 1342 religione
847 1265 944 1342 gentis
967 1287 1044 1343 quae
1065 1267 1162 1326 voluit

153 1368 387 1440 argumentatus,
406 1362 540 1420 Judaeos
563 1362 657 1421 refiert
679 1361 821 1440 Aegypto
848 1363 1009 1440 expeditos,
1033 1365 1102 1435 sive,
1125 1371 1162 1423 ut
1172 1389 1203 1423 10

152 1460 283 1538 putavit,
306 1446 443 1571 extorres,
467 1460 499 1522 iu
520 1460 612 1520 vastis
629 1458 758 1529 Arabiae
778 1460 850 1520 locis
871 1481 1014 1538 aquarum
1036 1464 1160 1539 egentis·

152 1559 248 1631 simis,
271 1580 337 1618 cum
360 1531 412 1635 siti
433 1567 658 1639 macerarentur,
684 1559 810 1635 onagris,
834 1558 887 1636 qui
912 1561 988 1619 forte
1014 1560 1050 1619 de
1075 1567 1162 1637 pastu

152 1664 258 1735 potum
278 1657 405 1736 petituri
426 1657 661 1730 aestimabantur,
678 1657 825 1740 indicibus
841 1656 931 1716 fontis
951 1677 1019 1717 usos
1039 1659 1077 1717 ob
1097 1679 1162 1718 eam

58 1761 60 1765 ’
153 1757 283 1834 gratiam
305 1756 463 1816 consimilis
487 1756 599 1816 bestiae
623 1732 806 1834 superficiem
830 1777 1019 1817 consecrasse.
1060 1757 1162 1836 Atque

153 1855 201 1914 ita
214 1855 289 1926 inde,
305 1855 415 1937 opinor,
430 1860 660 1934 praesumptum,
675 1876 729 1914 nos
747 1875 863 1932 quoque
883 1861 918 1915 ut
931 1856 1073 1916 Judaieae
1093 1857 1161 1915 reli·
1173 1881 1202 1930 15

152 1938 251 2033 globis
270 1956 457 2033 propinquos,
473 1954 567 2014 eidem
587 1954 742 2013 simulacro
763 1953 887 2013 initiari.
927 1953 974 2014 At
987 1957 1063 2014 enim
1084 1957 1161 2016 idern

154 2052 313 2113 Cornelius
333 2053 461 2126 Tacitus,
476 2073 545 2113 sane
565 2053 618 2112 ille
637 2053 857 2112 mendaciorum
877 2053 1106 2130 loquacissimus,
1128 2055 1161 2112 in

155 2185 222 2236 with
231 2191 330 2249 respect
340 2190 368 2235 ιο
377 2185 450 2234 those
461 2185 547 2249 things
558 2185 637 2235 about
645 2185 728 2237 which
738 2185 801 2249 they
813 2185 901 2234 ceesed
911 2191 939 2235 ιο
949 2187 981 2236 be
991 2188 1118 2239 misteken
1132 2188 1160 2237 in

154 2259 202 2309 the
213 2264 328 2326 very-act
339 2260 367 2308 of
374 2261 534 2324 recognizing
545 2260 603 2308 that
614 2259 677 2324 they
687 2259 739 2308 had
750 2260 815 2308 been
828 2276 863 2308 ιο
865 2258 872 2280 ’

192 2337 216 2383 2.
233 2337 401 2384 sacramenti
412 2336 512 2383 nostri.
546 2334 593 2383 See
604 2339 665 2382 note
676 2349 710 2382 on
720 2340 914 2395 remanentem,
925 2333 964 2383 ch.
978 2345 1000 2398 7.

192 2414 214 2470 5.
234 2412 317 2467 Nam,
329 2413 362 2456 ιιι
374 2411 550 2465 quideme
509 2411 557 2456 etc.
591 2408 625 2456 In
636 2407 689 2457 this
700 2407 814 2471 chapter,
823 2408 911 2457 before
922 2408 1073 2471 proceeding
1084 2414 1111 2457 to
1122 2413 1160 2457 eet

154 2482 227 2531 forth
243 2482 288 2533 the
303 2482 358 2531 real
374 2487 465 2530 nature
482 2481 510 2530 of
520 2483 566 2530 the
581 2479 731 2530 Christians’
748 2481 833 2539 belief,
844 2482 884 2530 ch
897 2492 936 2545 17,
949 2483 1092 2530 Tertullian
1109 2483 1159 2530 dis·

154 2571 229 2621 poses
244 2555 272 2604 of
283 2555 341 2604 four
351 2557 508 2604 calumnioue
523 2560 620 2619 reperte
636 2556 778 2619 commonly
791 2556 931 2605 circulated
948 2557 1099 2620 concerning
1114 2556 1160 2606 the

155 2630 288 2680 Chriafian
298 2630 384 2694 Deity.

222 2709 308 2761 ceput
320 2707 472 2753 asininum.
515 2715 537 2752 1.
550 2701 669 2765 Worship
688 2701 716 2750 of
730 2718 764 2750 an
779 2699 840 2752 asa's
856 2703 938 2752 head:
956 2703 993 2752 cd
1004 2703 1068 2753 Nat.
1083 2703 1100 2751 i.
1114 2717 1159 2760 10;

48 2837 52 2848 ι
153 2795 195 2843 cp.
207 2778 274 2828 Min.
286 2778 394 2842 Felixp.
408 2779 448 2838 28,
459 2777 543 2826 where
554 2776 598 2827 the
609 2792 678 2826 same
688 2778 798 2840 repert
791 2792 812 2826 ιι
827 2779 977 2827 mentioned
989 2779 1026 2842 hy
1036 2778 1160 2827 Caecilius

155 2853 209 2903 and
219 2851 337 2901 refuted
330 2867 358 2900 ιιι
369 2868 384 2901 a
396 2851 493 2901 similar
503 2866 609 2899 manner
620 2851 655 2914 by
665 2850 795 2900 Octavius.

190 2925 215 2975 6.
232 2928 380 2975 cornelius
400 2928 524 2974 Tacitus.
558 2924 628 2973 Hist
646 2940 671 2973 v.
689 2938 714 2985 3
733 2939 757 2986 4,
775 2924 933 2974 ‘Adsensere
952 2929 1029 3010 etque
1048 2924 1160 2973 omnium

155 3000 240 3064 ignui
257 2998 393 3048 fortuitum
409 3000 460 3048 iter
471 2998 604 3061 incipiunt
638 2997 690 3047 Sed
706 2998 772 3046 nihil
788 3014 868 3062 aeque
885 3014 962 3061 quam
979 2997 1064 3060 inopia
1080 3013 1160 3061 aquae

155 3074 293 3138 fatigabat.
333 3074 444 3136 Jamque
464 3072 534 3121 haud
552 3073 640 3135 procul
663 3072 750 3131 exitio,
769 3073 831 3121 totis
849 3072 944 3134 campis
965 3072 1157 3134 procubuerant.

154 3164 214 3197 cum
230 3163 292 3211 grex
306 3148 434 3196 asinorum
448 3145 587 3210 ιςιιιιὶιιιιι
602 3161 617 3194 e
632 3151 708 3210 pastu
722 3145 750 3193 in
765 3161 854 3208 rupem
867 3159 968 3194 nemore
983 3160 1086 3207 opacum
1103 3160 1160 3193 con·

155 3223 239 3272 cessit.
274 3222 381 3271 Secutus
393 3222 505 3287 Moyses,
516 3221 660 3284 coniectura
670 3219 770 3268 herbidi
782 3218 838 3278 soli,
850 3218 934 3281 largas
945 3233 1070 3281 aquarum
1081 3233 1159 3266 venae

155 3297 278 3361 aperit..
289 3295 425 3359 .Effigiem
436 3294 560 3353 animalis,
574 3309 624 3357 quo
635 3297 794 3342 monstrante
805 3308 914 3341 errorem
927 3292 1047 3355 sitimque
1058 3291 1159 3406 depule-

155 3375 216 3420 rant
217 3369 361 3434 ,penetrali
373 3365 518 3418 sacravere)

190 3458 229 3507 14.
247 3445 460 3501 superficiema
472 3444 559 3503 capet,
570 3442 605 3504 hy
616 3455 650 3489 an
661 3438 855 3502 extraordinary
866 3454 911 3487 use
923 3438 951 3487 of
959 3437 1005 3487 the
1016 3437 1094 3488 word.

190 3531 229 3581 15.
246 3520 383 3568 Judaicae
399 3517 549 3574 religionis
565 3516 749 3571 propinquos.
783 3513 829 3576 Op
847 3514 879 3562 de
896 3516 951 3561 teat
963 3515 1042 3561 anim.
1060 3525 1084 3574 5,
1096 3513 1159 3561 J
1131 3528 1159 3561 u

155 3593 231 3643 deeoe
244 3629 250 3643 .
263 3593 446 3655 ..inquorum
460 3588 584 3654 [oleaex]
597 3589 705 3645 oleastro
722 3587 794 3636 insiti
810 3585 912 3636 sumus?
946 3587 1000 3636 The
1016 3586 1159 3636 Christiane

155 3683 222 3717 were
232 3667 379 3729 constently
389 3664 466 3728 being
476 3662 597 3712 confused
607 3662 670 3712 with
681 3662 727 3710 the
738 3661 809 3711 Jews
821 3663 856 3725 by
866 3661 911 3711 the
922 3661 1159 3725 undiscriminating

154 3740 282 3791 berthen:
300 3740 369 3789 Dion
385 3738 594 3801 Oass.lxvii.14;
610 3736 693 3786 lxviii.
707 3749 737 3794 13
753 3736 857 3786 Sueten.
868 3735 962 3788 elect
977 3749 1023 3799 a5;
1040 3751 1078 3799 cp.
1088 3736 1105 3785 J
1109 3740 1158 3784 net.

154 3815 237 3867 Mart.
249 3813 314 3866 dial.
327 3829 347 3864 c.
363 3813 458 3878 Trppt.
473 3823 511 3877 17.
