2784 4242
278 244 340 320 146
556 241 757 305 Tertulliani
776 240 1002 323 Apologeticus
1074 250 1149 315 [cir.
1163 257 1273 305 xivin.

275 412 462 491 Ubicumque
476 413 621 472 resolutus
636 412 737 482 fueris,
752 432 949 490 quaecumque
962 418 992 471 te
1006 414 1129 473 materia
1142 415 1274 474 destrux·

274 512 342 584 erit,
363 512 503 583 hauserit,
524 511 693 583 aboleverit,
715 511 747 569 in
768 510 895 569 nihilum
915 511 1092 589 prodegerit,
1114 513 1220 572 reddet
1239 521 1274 572 te.

275 611 348 687 Ejus
362 616 407 670 est
421 609 545 669 nihilum
559 610 664 687 ipsum,
679 612 763 686 cujus
777 615 807 670 et
821 615 925 670 totum.

323 710 412 786 Ergo,
433 709 565 786 inquitis,
580 729 695 786 semper
714 709 895 768 moriendum
913 707 979 781 erit,
996 714 1027 769 et
1047 711 1162 787 semp'er
1182 729 1274 769 resur·

251 810 411 886 egendum.
454 807 487 868 si
507 807 552 866 its
572 828 670 866 rerum
685 807 831 867 Dominus
853 807 1036 881 destinasset,
1051 807 1179 885 ingratis
1192 829 1275 885 expe

274 906 374 967 rireris
388 906 564 966 conditionis
575 913 644 966 tuae
658 908 760 984 legem.
793 905 836 966 At
850 926 928 965 nunc
942 925 1001 965 non
1011 907 1098 965 aliter
1108 906 1275 977 destinavit,

274 1026 362 1083 quam
382 1004 570 1083 praedicavit.
612 1005 694 1079 Quae
716 1005 792 1064 ratio
813 1004 1039 1064 universitatem
1053 1024 1091 1064 ex,
1106 1005 1276 1065 diversitate

274 1104 445 1181 composuit,
460 1111 495 1163 ut
508 1102 605 1162 omnia
618 1124 654 1162 ex
671 1103 794 1163 aemulis
816 1103 989 1164 substantiis
1009 1104 1063 1163 sub
1083 1105 1202 1163 unitate
1216 1124 1276 1163 con·

275 1207 388 1261 starent
402 1222 438 1259 ex
451 1222 543 1260 vacuo
560 1207 591 1261 et
610 1202 710 1273 solido,
725 1223 762 1261 ex
782 1202 905 1261 animali.
924 1208 955 1261 et
975 1201 1137 1274 inanimali,
1153 1223 1191 1261 ex
1205 1223 1275 1262 com·

237 1299 466 1378 reprehensibili
492 1306 524 1359 et
546 1299 844 1377 incomprebensibili,
869 1319 906 1359 ex
933 1300 998 1359 luce
1024 1306 1055 1360 et
1078 1301 1219 1371 tenebris,
1243 1322 1276 1360 ex

275 1399 341 1476 ipsa
359 1398 422 1457 vita
442 1404 473 1457 et
493 1405 608 1473 morte3
630 1400 731 1458 eadem
751 1418 856 1458 aevum
878 1419 993 1476 quoque
1013 1398 1059 1458 ita
1079 1399 1228 1459 destinata
1247 1421 1276 1459 ac

276 1498 417 1558 distincta
431 1498 600 1557 condicione
615 1498 773 1569 conseruit,
784 1503 821 1557 ut
832 1497 929 1575 prima
941 1497 1012 1557 haec
1026 1519 1095 1576 pars
1109 1500 1147 1558 ab
1161 1498 1276 1558 exordio

276 1618 384 1668 rerum,
406 1617 495 1673 quam
517 1596 681 1670 incolimus,
703 1597 856 1674 temporali
878 1602 973 1656 aetate
994 1597 1031 1655 ad
1051 1597 1141 1656 finem
1161 1598 1276 1669 defluat,

276 1715 399 1774 sequens
420 1715 498 1767 vero,
521 1714 610 1771 quam
630 1700 840 1772 exspectamus,
856 1695 888 1752 in
909 1694 1055 1754 infinitam
1075 1696 1276 1756 aeternitatem

239 1816 267 1865 15
277 1798 463 1873 propagetur.
507 1793 583 1852 Cum
597 1814 666 1870 ergo
685 1793 753 1853 finis
766 1800 797 1853 et
815 1794 898 1852 limes
919 1794 1041 1866 medius,
1055 1794 1107 1871 qui
1127 1794 1277 1866 interhiat,

274 1893 413 1965 adiuerit,
433 1898 468 1952 ut
489 1892 579 1950 etiam
599 1893 703 1951 mundi
724 1892 819 1969 ipsius
840 1891 950 1970 species
970 1894 1169 1952 transferatur
1189 1912 1277 1970 aeque

278 1993 459 2070 temporalis,
488 2013 562 2070 quae
589 1992 636 2051 illi
664 1991 850 2071 dispositioni
877 1991 1060 2051 aeternitatis
1094 1992 1190 2051 aulaei
1216 1992 1277 2051 vice

278 2112 410 2169 oppansa
434 2097 496 2164 est3
528 2100 597 2151 tunc
624 2091 800 2152 restituetur
824 2111 907 2150 omne
931 2090 1094 2151 humanum
1118 2111 1220 2168 genus,
1243 2090 1278 2149 sd

279 2192 506 2269 expungendum
528 2192 606 2268 quod
628 2191 660 2249 in
682 2191 740 2250 isto
763 2210 834 2250 aevo
854 2188 923 2249 boni
945 2210 997 2250 seu
1020 2190 1090 2249 mali
1113 2190 1231 2262 meruit,
1250 2195 1280 2249 et

313 2320 337 2368 4.
355 2309 440 2364 nego,
451 2308 581 2366 inquitis,
596 2320 708 2362 semper
718 2306 899 2354 moriendum
910 2306 973 2353 erit.
1008 2304 1082 2368 Erpa
1098 2305 1169 2354 looks
1179 2306 1244 2355 bank
1253 2313 1279 2353 te

281 2379 326 2428 the
337 2380 464 2442 analogice
476 2379 591 2429 adduced
607 2380 673 2428 from
689 2379 792 2428 Nature
806 2379 835 2428 in
851 2379 896 2428 the
911 2394 1017 2443 passage
1033 2380 1114 2429 above
1131 2381 1204 2430 ‘Lux
1219 2396 1277 2445 qua

282 2451 361 2513 tidie:
374 2457 419 2501 etc.
452 2454 524 2518 They
534 2454 621 2519 imply,
633 2455 655 2504 it
666 2454 689 2502 is
702 2454 765 2514 said,
778 2469 793 2501 a
803 2469 949 2503 recurrence
960 2454 989 2502 of
997 2453 1086 2503 deaths
1098 2454 1150 2503 and
1158 2470 1279 2504 resurree-

281 2529 356 2578 tione.
390 2529 533 2577 Tertullian
549 2530 640 2594 taoitly
656 2529 758 2590 admits,
774 2528 822 2578 but
835 2544 920 2593 pasees
934 2529 970 2593 by
986 2530 1029 2579 the
1044 2530 1188 2593 objection3
1209 2531 1279 2580 these

282 2601 410 2665 analogias
419 2602 463 2667 (he
471 2603 554 2652 would
565 2604 647 2667 reply)
657 2619 701 2652 are
711 2602 887 2663 illustratione,
895 2607 941 2651 not
952 2608 1105 2667 arguments.
1140 2604 1188 2654 See
1198 2605 1279 2669 Ksye,

282 2696 306 2745 p.
321 2680 377 2743 258.

315 2754 339 2803 6.
357 2756 539 2814 conditionis,
551 2753 705 2815 ‘mention’3
722 2771 750 2805 as
767 2754 854 2814 above,
870 2754 908 2803 eh.
923 2767 953 2817 19
969 2755 1040 2820 frag„
1056 2758 1065 2785 ‘
1074 2752 1164 2805 mnndi
1177 2756 1280 2806 conditi·

283 2829 337 2877 onis
345 2829 364 2889 ';
375 2829 405 2879 de
416 2833 493 2891 spect
507 2843 519 2877 2
529 2846 536 2888 ;
553 2830 583 2878 de
594 2829 725 2890 cultfem.
738 2832 755 2879 i.
768 2829 791 2879 8.
825 2830 887 2878 This
897 2843 954 2878 rare
965 2830 1035 2879 word
1047 2830 1175 2893 (conlined
1184 2835 1211 2880 to
1222 2830 1280 2880 eccl.

282 2908 369 2968 latin),
381 2907 447 2955 from
464 2924 491 2957 eo
529 2924 552 2968 o,
564 2913 633 2957 must
647 2908 681 2957 be
698 2907 885 2971 distinguished
895 2907 960 2956 from
972 2909 1090 2970 condicio,
1101 2908 1167 2957 from
1183 2909 1281 2959 condico

283 2985 398 3049 (whence
405 3002 450 3034 our
456 2986 514 3049 Eng
526 2986 563 3052 'kh
572 2986 642 3034 word
651 2986 831 3047 ‘condition');
843 3000 884 3034 see
889 2985 971 3034 below
979 2988 987 3011 ‘
994 2984 1117 3035 distincta
1126 2985 1280 3036 condicione'

283 3064 334 3113 and
338 3064 412 3127 freq.
446 3063 474 3112 It
485 3064 527 3112 isl
577 3063 656 3127 likely
667 3068 695 3112 to
705 3064 737 3112 be
748 3063 868 3112 confused
880 3063 943 3112 with
954 3064 1066 3113 conditio
1076 3063 1141 3112 from
1156 3065 1248 3114 madio.

317 3152 342 3201 9.
359 3153 395 3186 ex
406 3141 577 3195 comprehen
592 3139 674 3186 ibili:
691 3139 720 3186 oi
727 3138 822 3198 literal,
831 3141 877 3186 not
888 3138 1056 3198 intellectual,
1065 3139 1283 3203 comprehendam

284 3228 325 3262 see
336 3217 405 3270 note,
417 3212 456 3263 oh.
471 3222 510 3275 17.

319 3299 357 3334 11.
375 3300 486 3346 sevum,
501 3282 595 3344 ‘tima'
606 3241 738 3409 OQM,
753 3285 813 3334 ‘the
823 3284 904 3334 whole
920 3299 1007 3334 course
1018 3283 1046 3334 oi
1052 3284 1147 3356 being,'
1158 3289 1229 3347 sitm
1244 3286 1282 3334 in·

283 3359 388 3422 cluding
400 3359 453 3407 this
463 3359 508 3409 life
519 3360 570 3407 and
581 3359 626 3408 the
636 3375 685 3408 nex
705 3375 773 3419 esee
784 3364 853 3419 note,
865 3359 903 3408 ch.
919 3359 957 3408 18.

319 3447 357 3496 15.
369 3437 471 3482 finiret
479 3437 558 3483 limes
566 3437 682 3490 medius,
691 3437 741 3491 qui
750 3437 896 3495 interhiat,
906 3433 968 3483 ‘the
974 3433 1024 3483 end
1032 3433 1083 3484 and
1089 3434 1283 3498 mid-boundary
1358 3455 1359 3458 ¹

284 3508 368 3558 which
387 3523 474 3571 yawns
492 3506 637 3566 between';
653 3509 699 3558 te.
721 3508 836 3556 between
855 3508 900 3556 the
915 3508 1002 3570 prima
1015 3522 1080 3569 pars
1096 3511 1155 3557 aevi
1171 3508 1222 3557 and
1237 3507 1280 3556 the

284 3598 391 3645 sequena
398 3598 462 3645 pars
473 3583 537 3630 ceri.
571 3582 586 3630 Ι
598 3582 630 3630 do
645 3586 691 3630 not
709 3581 865 3631 understand
882 3580 956 3630 istaes
965 3580 1064 3630 medias
1080 3586 1107 3631 to
1118 3583 1223 3631 oontain
1234 3597 1282 3645 any

285 3656 413 3704 reference
429 3661 456 3704 to
474 3654 636 3704 Tertullian's
650 3656 776 3705 chiliastic
787 3656 917 3719 opinious3
933 3655 981 3706 but
992 3671 1034 3705 see
1045 3661 1113 3716 note,
1125 3655 1181 3705 Lib.
1193 3655 1282 3714 Faria

286 3743 366 3790 comp.
378 3729 472 3778 Lucan
485 3730 501 3776 i.
514 3739 571 3792 457,
584 3730 689 3793 ‘longae
702 3767 707 3778 .
721 3766 727 3779 .
741 3767 747 3780 .
759 3730 828 3779 vitae
839 3731 910 3779 Mors
922 3729 1007 3779 media
1017 3728 1071 3779 est’

321 3799 359 3848 16.
377 3806 477 3849 mundi
488 3805 580 3858 ipsius
591 3807 699 3860 speeies
710 3807 913 3856 transferatur:
934 3818 945 3853 1
959 3805 1016 3854 Gor.
1027 3805 1070 3854 vii.
1084 3815 1130 3869 313
1151 3818 1162 3854 1
1176 3803 1202 3855 8.
1214 3806 1233 3857 J
1235 3804 1283 3855 obn

286 3873 313 3921 ii.
328 3882 376 3935 173
392 3873 417 3921 S.
430 3875 509 3924 Matt.
520 3876 588 3924 xxiv.
601 3890 640 3939 35.
