2784 4242
153 223 332 289 cmxxnr]
374 214 532 280 adversus
557 215 673 281 Gentes
687 227 752 299 pro
778 214 986 282 Christianis.
1115 218 1156 300 87

151 389 369 449 demonstrator
395 387 454 448 alia
482 387 530 447 die
561 387 712 448 morituris
740 388 877 449 Socordio
900 394 931 449 et
955 388 1100 450 Thanatio
1127 396 1158 449 et

150 486 360 565 Asclepiodoto
367 486 446 547 vitae
461 486 817 561 sumministrator,-nisi
828 507 858 547 se
871 487 1025 548 daemones
1035 486 1158 548 confessi

150 585 273 656 fuerint,
283 583 452 644 Christiano
465 585 585 644 mentiri
598 605 657 645 non
673 584 824 657 audentes,
838 585 948 646 ibidem
961 586 1043 645 illius
1057 585 1157 645 Chris·

149 683 229 743 tiani
242 683 440 761 procacissimi
454 683 625 761 sanguinem
638 684 763 743 fundite.
798 683 879 758 Quid
892 684 952 744 isto
963 704 1050 762 opere
1066 684 1157 743 mani·

149 782 279 841 festiusl
299 780 370 859 quid
383 781 436 841 hac
449 782 620 859 probatione
634 780 770 844 fideliusl
792 781 965 861 simplicitas
975 781 1112 843 veritatis
1125 782 1181 867 inp

149 880 248 940 medio
270 886 334 953 est3
367 879 463 939 virtus
483 879 529 938 illi
550 899 604 940 sua
624 879 757 953 assistit3
785 880 860 939 nihil
881 880 1023 958 suspicari
1045 880 1156 940 licebit.

150 978 254 1057 Magia
267 986 320 1037 aut
333 978 433 1055 aliqua
446 977 587 1055 ejusmodi
600 978 716 1038 fallacia
729 978 794 1038 fieri
808 979 923 1051 dicetis,
934 979 960 1038 si
974 979 1053 1039 oculi
1066 978 1158 1039 vestri

149 1082 183 1136 et
204 1098 291 1137 aures
310 1077 498 1155 permiserint
519 1077 609 1136 vobis
651 1076 732 1151 Quid
752 1084 852 1138 autem
875 1077 964 1138 inniti
990 1083 1089 1156 potest
1108 1079 1157 1136 ad·

150 1195 256 1238 versus
268 1175 308 1247 id
323 1176 401 1253 quod
414 1176 582 1236 ostenditur
595 1176 675 1236 nuda
689 1176 883 1237 sinceritatel
918 1178 951 1237 si
965 1177 1060 1237 altera
1073 1183 1157 1255 purte

149 1296 222 1335 vers
243 1274 286 1333 dii
306 1280 385 1348 sunt,
407 1295 459 1334 cur
479 1295 540 1335 sese
561 1274 714 1335 daemonia
735 1275 940 1336 mentiunturl
961 1296 1000 1335 an
1019 1281 1055 1335 ut
1076 1274 1158 1334 nobis
1169 1295 1200 1330 10

148 1375 372 1450 obsequanturl
413 1373 483 1432 Jam
503 1393 572 1450 ergo
592 1373 724 1449 subjecta
746 1378 792 1433 est
816 1373 994 1434 Christianis
1017 1373 1159 1434 divinitas

149 1477 271 1544 vestra;
302 1491 355 1530 nec
378 1470 482 1548 utique
506 1470 648 1531 divinitas
670 1471 841 1548 deputanda
864 1480 917 1544 est,
943 1491 1017 1549 quae
1040 1472 1159 1531 subdita

149 1578 199 1631 est
222 1570 394 1643 hominist
419 1569 445 1654 si
467 1569 540 1647 quid
560 1570 599 1629 ad
619 1568 744 1629 dedecus
764 1570 846 1641 facit,
868 1570 991 1630 aemulis
1014 1570 1082 1631 suis.
1126 1569 1159 1630 Si

149 1669 246 1728 altera
266 1674 351 1745 parte
371 1668 524 1728 daemones
545 1673 615 1727 suut
628 1668 675 1728 vel
695 1667 802 1745 angeli,
818 1689 871 1738 cur
888 1688 920 1728 sa
938 1667 1009 1726 alibi
1030 1689 1083 1746 pro
1102 1666 1159 1727 diis
1158 1725 1194 1756 s

148 1787 241 1845 agere
260 1767 458 1856 respondenti
499 1767 578 1826 Nam
601 1766 678 1826 sicut
698 1766 761 1841 illi.
777 1767 829 1845 qui
851 1767 894 1825 dii
914 1767 1069 1839 habentur,
1091 1766 1199 1850 dae-*15

149 1885 254 1927 mones
274 1886 305 1925 se
325 1865 420 1925 dicere
441 1865 613 1938 noluissent,
628 1865 654 1925 si
666 1887 736 1926 vere
752 1866 794 1925 dii
813 1836 1159 1940 essent,milicet,1ssdee

148 1966 305 2040 majestate
326 1983 356 2023 se
377 1964 573 2046 depenerent:
595 1963 638 2023 ita
658 1970 689 2024 et
709 1964 771 2036 isti,
785 1984 859 2046 quos
873 1964 984 2023 directo
1004 1965 1159 2023 daemones

149 2062 255 2133 nostis,
270 2082 329 2121 non
342 2062 486 2133 auderent
500 2062 572 2121 alibi
586 2082 640 2141 pro
653 2062 712 2122 diis
725 2083 818 2142 agere,
836 2062 861 2123 si
876 2062 970 2140 aliqui
984 2061 1159 2126 omninudii

148 2167 258 2233 essent,
280 2180 406 2236 quorum
426 2160 593 2220 nominibus
614 2168 758 2234 utuntur3
784 2167 956 2221 vererentur
976 2160 1055 2220 enim
1075 2160 1160 2220 abuti

148 2261 307 2334 majestate
320 2258 504 2336 superiorum
518 2258 579 2318 sine
593 2259 682 2318 dnbio
696 2267 726 2318 et
739 2259 945 2319 timendorum.
981 2258 1064 2318 Adeo
1078 2258 1159 2318 nulla
1170 2288 1201 2324 20

148 2365 201 2418 est
221 2356 360 2416 divinitas
380 2357 438 2416 ista
459 2378 548 2435 quam
568 2356 683 2433 tenetis,
701 2358 770 2435 quia
791 2356 817 2417 si
836 2365 920 2428 esset,
938 2378 1032 2435 neque
1053 2378 1071 2416 a
1092 2358 1159 2417 dae.

149 2455 260 2517 moniis
287 2456 483 2529 affectaretur,
514 2475 607 2533 neque
634 2477 653 2516 a
682 2457 740 2515 diis
768 2462 935 2534 negaretur.
986 2456 1061 2515 Cum
1089 2475 1160 2532 ergo

149 2560 281 2630 utraque
302 2574 371 2632 pars
393 2554 542 2615 concurrit
566 2555 598 2614 in
622 2554 841 2626 confessionem,
863 2555 932 2614 deos
956 2574 1018 2615 esse
1040 2574 1159 2632 negans,

149 2652 303 2730 agnoscite
323 2673 416 2712 unum
436 2673 528 2731 genus
546 2674 618 2727 esse,
633 2652 666 2712 id
680 2658 726 2712 est
739 2653 902 2713 daemonas.
943 2654 1058 2715 Verum
1076 2658 1159 2712 utro-

149 2752 244 2828 bique
264 2752 325 2829 jam
346 2753 415 2811 deos
435 2751 582 2829 quaerite;
605 2772 678 2829 quos
699 2751 778 2811 enim
798 2752 1069 2830 praesumpseratis,
1091 2751 1159 2810 dae·
1171 2778 1201 2829 ²5

150 2869 256 2909 monas
269 2870 331 2909 esse
344 2849 525 2928 cognoscitis.
566 2849 678 2909 Eadem
692 2869 763 2910 vero
777 2870 864 2960 opopa
882 2855 982 2909 nostra
1000 2849 1037 2908 ab
1052 2849 1161 2909 eisdem

151 2947 214 3007 diis
233 2946 340 3007 vestris
361 2968 420 3007 non
440 2953 559 3008 tantum
579 2948 633 3008 hoc
654 2922 868 3027 deidgiritrhhs,
888 2947 968 3026 quod
988 2967 1082 3025 neque
1102 2946 1162 3024 ipsi

152 3154 241 3205 ferred
255 3160 283 3205 tc
298 3155 329 3203 de
344 3157 400 3204 teet.
412 3155 489 3204 caim.
503 3169 527 3214 n,
538 3155 600 3203 ‘snb
611 3155 765 3219 Aesculapio
780 3151 869 3216 stans‚'
880 3157 944 3213 etc.;
961 3153 983 3203 it
996 3153 1078 3215 stood,
1089 3169 1117 3202 as
1133 3153 1161 3202 in

152 3229 200 3280 old
211 3229 345 3293 Cartbage,
356 3245 389 3277 on
403 3229 448 3278 the
459 3229 566 3294 Byrsine
576 3228 632 3290 hill,
644 3228 742 3293 though
753 3228 798 3278 the
810 3228 903 3291 special
914 3227 969 3276 cult
983 3227 1011 3276 cf
1024 3227 1075 3276 this
1090 3227 1162 3290 deity

151 3303 209 3354 had
224 3319 280 3352 new
297 3304 374 3368 given
390 3303 461 3369 place
477 3308 505 3353 to
521 3303 580 3353 that
597 3302 625 3352 oi
638 3304 657 3353 J
660 3302 854 3353 uno-Caelestis.
887 3301 979 3351 Strabo
996 3301 1058 3351 xvii.
1075 3314 1159 3363 3.15;

152 3377 267 3443 Appiam
278 3379 331 3428 viii.
347 3391 386 3441 50.

192 3465 214 3501 1.
235 3454 292 3501 alia
308 3455 355 3499 die
372 3454 536 3500 morituris:
561 3449 638 3515 ‘only
654 3454 683 3499 to
699 3448 741 3499 die
758 3450 835 3514 again
851 3453 994 3498 tomorrow
1003 3445 1027 3509 ’ἢ
1052 3448 1092 3497 ior
1108 3448 1161 3498 this

154 3542 203 3576 use
219 3525 247 3574 of
260 3527 318 3575 ulia
334 3526 377 3575 dic
394 3541 436 3574 see
447 3525 559 3598 papitol.
575 3524 670 3574 Aatoa.
682 3524 751 3572 Piae
767 3536 805 3584 12,
819 3527 909 3573 ‘nocte
925 3559 932 3573 .
947 3559 953 3573 .
966 3558 972 3573 .
986 3522 1038 3572 alia
1054 3522 1096 3572 die
1114 3558 1161 3574 ...

153 3601 235 3651 tertia
246 3600 318 3659 dis’3
335 3600 473 3648 Macimia.
487 3608 534 3661 173
550 3599 624 3649 'I'reb
638 3597 702 3647 Pell.
715 3602 764 3663 tyr.
776 3599 837 3661 trip.
851 3597 874 3658 8,
886 3600 894 3623 ‘
905 3612 956 3666 una
970 3594 1012 3644 die
1027 3594 1111 3645 factus
1122 3600 1162 3645 est

152 3677 304 3738 imperator,
314 3674 365 3723 alia
377 3674 418 3722 die
428 3674 499 3722 visus
510 3677 550 3721 est
561 3672 693 3736 imperare,
704 3671 783 3720 tertia
794 3672 963 3734 interemptus
974 3667 1030 3745 ept'

192 3763 231 3812 ²4
248 3751 356 3797 Verum
370 3750 522 3805 utrobique
535 3749 593 3804 jam
605 3748 673 3794 deos
685 3748 821 3803 quaerite.
851 3746 909 3795 ‘On
921 3745 1003 3795 either
1013 3742 1161 3809 hypothesis

153 3841 206 3892 you
217 3827 288 3874 must
299 3823 359 3873 look
369 3825 416 3873 out
426 3822 466 3871 lor
477 3817 714 3885 somenahgods?
1082 3815 1086 3818 ’
