2784 4242
146 258 298 323 cmxxt]
343 247 500 314 adversus
524 249 640 313 Gentes
657 256 720 331 pro
744 237 958 313 Christicmis.¹
1106 259 1146 331 73

144 441 225 498 rege,
254 419 360 498 quibua
386 441 439 480 nec
463 420 641 482 advenarum
660 422 728 498 jure
751 425 861 478 terram
888 419 1016 496 patriam
1044 415 1148 478 saltem

144 519 275 596 vestigio
295 520 424 579 salutare
444 512 647 615 conceditur]
662 518 737 578 Cum
758 516 828 577 baeo
849 516 909 576 illie
930 522 1046 576 eunome
1063 536 1148 577 voeea

144 618 409 695 praeminarentur,
430 618 547 678 eaedem
567 618 627 677 fere
647 636 760 694 semper
773 633 871 674 omues
891 614 1065 691 ingerebant
1077 616 1147 686 fore,

144 716 196 775 uti
219 716 274 775 sub
297 716 414 776 extimis
437 715 591 775 curriculis
612 715 719 774 amculi
743 734 780 774 ex
807 712 887 773 omni
910 716 970 789 jam
997 718 1093 791 gente,
1118 720 1148 773 et

144 815 266 892 populo,
280 823 311 874 et
331 816 393 874 loeo
407 815 535 875 cultores
550 814 607 873 eibi
626 812 869 891 allegeretheua
882 813 975 871 multo
995 812 1147 885 fideliores,
1157 845 1170 895 5
1237 828 1240 836 ·

144 913 181 971 in
194 933 268 990 quoe
287 913 414 990 gratiam
434 914 616 986 transferret,
630 917 662 972 et
682 911 844 989 pleniorem
864 910 983 988 quidem
1003 913 1040 970 ob
1061 912 1148 974 disei-

144 1010 247 1088 plinae
261 1011 399 1076 auctioris
414 1012 631 1117 capacitatepff
643 1006 747 1093 [Venit
760 1010 861 1087 igitur,
873 1010 925 1087 qui
937 1012 976 1070 ad
989 1013 1149 1071 reforman-

144 1110 217 1169 dam
231 1114 261 1169 et
280 1109 505 1170 illuminandam
525 1129 589 1170 eam
602 1117 744 1169 venturus
760 1129 778 1168 a
796 1109 859 1168 Deo
877 1110 1149 1186 praenuntiabatur,

145 1195 286 1268 Christus
300 1208 351 1267 ille
364 1209 460 1269 Filius
474 1206 553 1291 Dei]
583 1209 682 1286 Hujus
695 1208 789 1285 igitur
799 1207 914 1285 gratiae
922 1207 1148 1287 disciplinaeque

143 1307 260 1367 arbiter
286 1316 317 1366 et
342 1307 489 1386 magister,
518 1307 701 1366 illuminator
735 1313 824 1384 atque
860 1306 1001 1365 deductor
1034 1307 1148 1384 generis
1160 1336 1190 1371 ιο

143 1402 279 1478 humani,
299 1405 394 1465 Filius
410 1406 468 1465 Dei
486 1407 729 1479 adnuntiabatur,
743 1426 801 1464 non
821 1406 940 1483 quidem
958 1405 1002 1465 ita
1021 1406 1148 1484 genitus,

145 1510 183 1565 ut
200 1506 352 1565 erubeseat
373 1505 409 1565 de
430 1505 487 1564 filii
505 1506 623 1566 nomine
644 1513 696 1567 aut
717 1506 754 1566 de
775 1506 868 1584 patria
885 1505 1012 1579 semiue3
1034 1526 1093 1565 non
1113 1506 1149 1566 de

145 1604 255 1666 sororia
267 1605 387 1676 iuoeeto,
402 1625 454 1663 uec
468 1605 505 1663 de
518 1610 621 1683 stupro
634 1604 712 1665 filiae
726 1597 782 1664 aut>
792 1604 923 1683 conjugia
935 1604 1048 1665 alienae
1062 1595 1166 1664 deum⁸

144 1712 262 1784 patrem
275 1724 377 1782 passus
390 1709 445 1777 eat,
460 1710 652 1783 squamatum,
667 1710 720 1765 aut
736 1711 900 1777 cornutum,
915 1708 967 1764 aut
981 1706 1149 1782 plumatum

145 1807 315 1873 amatorem,
336 1808 389 1862 aut
408 1803 440 1861 in
460 1824 566 1863 aurum
586 1824 771 1863 conversum:
794 1804 815 1862 J
817 1804 881 1863 ovis
902 1804 981 1862 enim
999 1804 1059 1864 iata
1079 1808 1189 1877 aunt15

145 1900 270 1962 numina
282 1902 382 1962 vestri.
426 1902 566 1963 Ceterum
581 1902 639 1962 Dei
659 1903 754 1963 Filius
774 1904 887 1964 nullam
907 1905 943 1964 de
965 1902 1150 1982 impudicitia

145 2001 238 2061 habet
252 2005 382 2074 matrem,
398 2001 487 2061 etiam
500 2022 589 2079 quam
603 2002 723 2062 videtur
736 2002 845 2062 habere
858 2022 916 2062 non
931 2008 1078 2082 nupserat.

190 2098 250 2159 Sed
263 2099 346 2176 priua
360 2099 552 2159 substantiam
567 2090 732 2172 edisseram,
741 2107 771 2161 et
784 2102 828 2161 ita
841 2101 1011 2162 nativitatis
1023 2100 1150 2180 qualitas
1249 2119 1252 2126 ·

145 2197 340 2275 intelligetur.
376 2198 396 2258 J
397 2220 444 2258 am
457 2199 604 2259 ediximus
614 2199 711 2259 Deum
724 2198 945 2260 universitatem
958 2201 1033 2261 hana
1047 2200 1150 2260 muudi

182 2330 212 2379 3:
222 2321 473 2375 praeminarentur.
507 2318 585 2368 Deut.
604 2318 657 2367 viii.
683 2331 730 2382 193
753 2318 788 2368 xi.
813 2317 852 2380 16,
877 2328 923 2382 173
946 2321 1036 2371 xxviii.
1060 2332 1089 2384 15
1108 2319 1150 2375 ff.;

146 2394 226 2444 meu.
238 2408 265 2444 v.
276 2392 326 2443 8ff.

214 2470 390 2524 ingerebant.
423 2467 483 2517 Joel
494 2466 520 2516 ii.
531 2467 596 2515 aelf.
1028 2491 1031 2495 *

181 2541 205 2590 6.
218 2545 254 2591 ob
262 2544 569 2599 dlaolplinaeauotiorie
578 2543 775 2598 oapaeitatem:
788 2542 832 2589 ‘on
838 2541 1149 2612 aooountoftheeapaoity

146 2617 178 2665 of
189 2632 223 2666 an
238 2616 336 2679 ampler
347 2620 443 2680 ayatem
457 2616 486 2665 of
498 2612 647 2680 teaehing'3
664 2615 704 2664 te.
716 2616 761 2665 the
773 2616 868 2680 Goapel
883 2616 1057 2681 dispensation
1068 2633 1120 2667 war
1133 2634 1149 2666 a

145 2705 218 2739 more
233 2689 359 2740 extended
375 2704 423 2739 one
439 2689 504 2739 than
519 2690 564 2739 the
580 2690 599 2739 J
601 2689 678 2738 ewiah
697 2689 726 2738 in
743 2688 802 2738 that
818 2689 841 2739 it
857 2692 989 2741 embraced
1006 2692 1052 2740 the
1067 2690 1149 2740 whole

147 2764 237 2813 world.

183 2846 205 2900 7.
225 2837 325 2901 [Venit
341 2837 431 2895 igitur
445 2874 452 2887 .
466 2873 491 2887 ..
506 2838 601 2886 rmus
619 2835 696 2901 Del]
730 2836 812 2886 'l'heae
827 2838 910 2888 worda
929 2855 973 2889 are
991 2838 1099 2888 omitted
1114 2840 1149 2903 by

147 2911 207 2975 Rig.
215 2910 268 2960 and
278 2911 388 2960 Havete.

184 2997 222 3033 ιο.
239 2987 390 3033 deduntur:
409 2986 457 3031 ‘an
469 2983 606 3034 attendant
618 3000 687 3048 upon
701 3000 717 3033 a
731 2981 875 3049 neophyte,’
887 2989 918 3034 ‘a
931 2984 1037 3050 guide'3
1053 2985 1106 3034 and
1120 3000 1149 3035 ao
1224 3030 1227 3034 .

147 3059 176 3109 of
185 3058 231 3108 the
242 3058 312 3122 Holy
323 3057 411 3121 Spirit,
422 3058 455 3105 de
466 3073 550 3107 coroa.
561 3072 588 3121 4,
597 3058 743 3107 ‘Deduotor
753 3058 886 3109 veritatis)
1139 3087 1142 3094 ν

182 3146 222 3198 14
239 3137 425 3192 squamatum,
438 3137 658 3194 automatum,
669 3133 688 3182 i.
698 3149 718 3183 e.
730 3132 805 3182 when
821 3134 952 3198 assuming
963 3132 1008 3182 the
1020 3132 1085 3182 form
1096 3133 1124 3182 of
1132 3150 1149 3183 a

146 3211 258 3272 serpent,
270 3222 299 3255 or
308 3207 364 3256 bull
375 3222 404 3255 or
414 3211 484 3270 goat.

213 3284 374 3340 plumatum
391 3288 553 3331 amatorem.
585 3281 692 3345 Jupiter
708 3296 736 3331 aa
753 3298 769 3330 a
785 3296 854 3330 ewen
875 3281 939 3330 with
958 3279 1043 3332 Leda:
1065 3297 1148 3346 oomp.

147 3356 180 3405 de
190 3358 268 3419 epact.
281 3356 305 3416 8,
320 3356 379 3419 ‘qul
389 3356 446 3405 illoa
459 3356 602 3420 [Castorem
612 3362 639 3406 et
654 3355 796 3420 Pollucem]
814 3371 862 3404 ovo
878 3355 959 3406 editoe
975 3355 1100 3405 eredendo
1116 3356 1149 3407 de

146 3429 903 3567 “yliiiiliiffibiiil'ammwfmaansa
961 3575 962 3578 Ἴ

216 3582 252 3628 de
269 3581 463 3636 impudioitia:
481 3578 608 3640 pudicitia
622 3578 645 3627 ie
655 3577 784 3644 preferred
798 3578 834 3643 by
844 3593 912 3627 rome
923 3578 990 3639 edd,
1001 3578 1053 3627 aad
1064 3577 1149 3628 would

146 3669 223 3703 mean
234 3652 278 3700 ‘in
287 3652 376 3702 lawful
389 3649 516 3702 wedlook?

184 3742 224 3793 19,
241 3728 467 3776 Jamedlxlmua.
482 3726 548 3806 [Oh.
562 3735 602 3790 17.

214 3804 432 3851 universitatem
452 3804 527 3851 hane
543 3802 778 3850 mundin‘totem
797 3801 891 3850 molem
905 3802 988 3851 eitam
1005 3817 1062 3851 oum
1079 3802 1148 3852 omni

145 3880 325 3937 monumento,
336 3875 526 3937 elementorum,
537 3890 674 3940 torporem,
686 3874 839 3940 spirituum}
850 3875 889 3927 oli.
903 3885 941 3940 17.
