2784 4242
258 249 303 310 44
534 229 734 296 Tertulliani
753 229 978 314 Apologe'ticus
1132 241 1205 306 [cn.
1214 244 1265 292 x1.
1329 294 1333 303 ,

257 401 449 463 humanitatis
462 402 494 461 in
507 400 702 473 divinitatem,
716 401 787 481 quia
799 422 873 480 ques
886 402 947 462 illis
965 403 1106 463 ustiones
1119 409 1151 463 et
1163 408 1266 481 potes·

256 508 334 563 tates
354 500 558 574 distribuistis,
572 506 635 561 tam
654 502 775 561 dierunt
794 502 832 561 sb
853 501 949 576 initio,
966 522 1055 580 quam
1074 508 1106 562 et
1126 501 1265 575 fuissent,
1303 564 1307 571 ,

257 600 373 662 etiamsi
385 600 455 659 deos
469 600 543 659 istos
556 620 614 659 non
628 599 789 660 creassetis.

298 699 357 760 Sed
376 697 581 758 convertimini
600 698 639 757 sd
658 718 792 758 caussam
809 698 905 770 aliam,
919 699 1127 778 respondentes
1148 698 1264 759 collsti·
1365 734 1366 789 q

234 813 342 873 5onem
352 797 518 856 divinitatis
530 797 703 871 meritorum
711 798 990 857 remunerandorum
999 798 1091 857 fnisse
1104 797 1263 857 rationem.

258 897 298 957 Et
322 895 390 955 hinc
412 895 584 969 concedetis,
609 894 723 972 opinor,
748 895 835 955 illum
862 895 960 955 Deum
981 897 1118 957 deificum
1142 896 1264 974 justitia

257 995 438 1074 praecellere,
454 994 507 1072 qui
522 1014 575 1054 nec
590 999 708 1065 temere,
722 1014 776 1054 nec
793 994 914 1073 indigne
930 1016 984 1055 nec
1003 996 1126 1074 prodige
1142 1001 1264 1055 tantum

258 1093 421 1173 preamium
439 1093 632 1172 dispensarit.
673 1094 748 1153 Volo
782 1093 877 1171 igitur
903 1094 1010 1154 merita
1036 1114 1195 1165 recensere,
1222 1115 1263 1153 an

258 1192 400 1270 ejusmodi
421 1192 488 1265 sint,
509 1198 545 1251 ut
565 1192 633 1252 illos
653 1191 686 1250 in
706 1192 818 1251 eaelum
838 1193 1009 1266 extulerint,
1030 1198 1062 1252 et
1081 1214 1140 1252 non
1160 1192 1262 1270 potius

219 1292 291 1357 roin
312 1293 404 1350 imum
424 1295 571 1350 tertarum
597 1290 797 1361 demerserint,
822 1312 909 1368 quem
930 1311 1074 1351 carcerem
1100 1312 1263 1369 poenarum

258 1391 439 1450 infernarum
465 1411 531 1450 cum
559 1389 661 1448 multis
688 1389 848 1449 affirmetis.
902 1390 978 1449 Illuc
1012 1391 1092 1450 enim
1125 1390 1264 1450 abstrudi

258 1490 353 1549 solent
365 1488 451 1567 impii
464 1488 574 1568 quique
586 1488 619 1546 in
632 1495 774 1564 parentes,
789 1493 819 1547 et
831 1487 864 1546 in
877 1507 990 1547 sorores
1003 1488 1117 1561 incesti,
1129 1494 1161 1548 et
1174 1488 1264 1548 mari·

258 1596 356 1648 turum
375 1586 513 1659 adulteri,
527 1592 558 1645 et
571 1586 722 1663 virginum
742 1591 876 1664 raptores
896 1591 927 1647 et
946 1607 1106 1666 puerorum
1119 1587 1262 1648 contami-

258 1692 383 1759 natores,
398 1685 493 1764 etqui
513 1685 657 1759 saeviunt,
671 1685 767 1762 etqui
787 1685 931 1759 occidunt,
946 1690 977 1745 et
997 1686 1050 1764 qui
1067 1687 1216 1760 iurantur,
1230 1690 1264 1746 et

221 1804 250 1857 15
259 1785 311 1864 qui
324 1785 483 1863 decipiunt,
500 1789 531 1845 et
545 1784 721 1862 quicumque
742 1784 852 1843 similes
865 1791 936 1843 eunt
957 1784 1082 1862 alicujus
1095 1785 1144 1843 dei
1157 1786 1260 1859 vestri,

257 1905 345 1962 quem
358 1882 500 1943 neminem
508 1882 657 1959 integrum
670 1903 689 1941 a
699 1882 821 1941 erimine
835 1889 888 1942 aut
895 1883 970 1942 vitio
978 1884 1102 1961 probare
1113 1884 1263 1960 poteritis,

258 1983 317 2043 nisi
338 1981 484 2042 hominem
501 1980 687 2060 negaveritis.
727 1980 845 2057 Atquin
868 1985 904 2041 ut
925 1981 993 2041 illos
1017 1980 1148 2041 homines
1171 1983 1263 2042 fuisse

201 2122 206 2135 ,
259 2102 317 2141 non
337 2080 462 2159 potestis
482 2098 596 2158 negare,
617 2078 710 2138 etiam
731 2079 806 2139 istae
825 2085 913 2140 notae
932 2080 1085 2154 accedunt,
1107 2101 1184 2158 quea
1208 2101 1263 2140 nec

258 2181 327 2239 deos
347 2184 450 2257 postea
469 2180 560 2238 sectos
581 2177 661 2236 credi
681 2177 868 2254 permittunt.
916 2178 950 2237 Si
971 2178 1050 2237 enim
1074 2178 1186 2238 talibus
1211 2199 1263 2239 vos

220 2278 416 2358 nopuniendie
428 2275 608 2357 praesidetis,
623 2275 648 2335 si
667 2277 879 2348 commercium,
893 2276 1081 2354 colloquium,
1095 2279 1263 2337 convictum

260 2376 404 2436 malorum
423 2380 455 2434 et
475 2374 610 2452 turpium
629 2374 717 2452 probi
738 2374 849 2453 quique
870 2375 1020 2452 respuitis,
1035 2375 1141 2435 horum
1161 2382 1263 2435 autem

259 2494 342 2552 pares
364 2474 445 2535 Deus
465 2473 516 2533 ille
536 2473 699 2553 mejestatis
713 2492 782 2533 sune
802 2472 949 2533 consortio
968 2473 1084 2548 ascivit,
1098 2473 1172 2550 quid
1192 2494 1263 2552 ergo

259 2572 414 2648 damnetis,
439 2592 563 2651 qnorum
590 2572 718 2649 collegas
745 2571 898 2631 adoratis?
951 2571 1129 2649 Suggillatio
1156 2578 1203 2634 est
1231 2574 1263 2631 in

259 2671 340 2731 eaelo
353 2678 451 2730 vestra
461 2669 589 2751 justitia.
610 2670 688 2730 Deos
706 2669 793 2729 facite
810 2669 1060 2730 criminosissimos
1074 2691 1214 2749 quosque,
1229 2675 1265 2730 ut

221 2797 250 2847 25
260 2770 399 2848 placeatis
419 2769 477 2829 diis
497 2768 611 2830 vestris.
652 2768 778 2828 Illorum
798 2774 845 2829 est
864 2766 956 2827 honor
977 2769 1156 2829 consecratio
1182 2791 1263 2830 coae-

294 2979 317 3026 4.
337 2964 393 3011 Sed
410 2960 622 3011 convertimini.
654 2957 852 3008 Thirdheathen
859 2958 936 3022 pleat
951 2961 960 2987 ‘
966 2958 1040 3022 'l'hey
1049 2974 1116 3009 were
1133 2959 1226 3008 deificd
1237 2975 1265 3009 as

260 3052 277 3086 s
287 3035 385 3085 reward
397 3035 425 3085 cf
432 3034 501 3084 their
511 3032 615 3084 merits!
647 3034 792 3083 Tertullien
807 3034 899 3097 replies
915 3033 975 3083 that
991 3034 1036 3083 the
1052 3035 1162 3097 impious
1173 3035 1265 3085 crimes

261 3111 290 3160 oi
298 3110 380 3160 which
391 3110 454 3174 they
463 3125 531 3158 were
539 3109 625 3172 guilty
634 3107 758 3157 rendered
768 3109 840 3157 them
851 3108 953 3172 worthy
963 3108 993 3156 of
1004 3109 1131 3172 snything
1146 3109 1195 3158 but
1211 3109 1264 3158 dei-

260 3185 378 3246 fication;
397 3184 472 3234 while
488 3184 512 3232 if
527 3183 624 3233 oertsin
640 3183 739 3232 virtues
755 3182 787 3231 be
803 3182 930 3232 conceded
946 3181 1027 3243 them,
1044 3182 1085 3231 for
1099 3183 1145 3231 the
1161 3183 1224 3233 sake
1240 3182 1268 3232 ol

261 3263 405 3324 argument,
416 3258 500 3308 better
509 3274 569 3307 men
579 3258 645 3307 hsve
664 3257 730 3306 been
747 3256 905 3305 overlooked
939 3257 1027 3320 Comp.
1038 3255 1209 3306 Athanasius'
1220 3273 1265 3306 use

260 3334 290 3383 oi
297 3335 343 3383 the
354 3349 423 3382 same
433 3337 575 3397 argument,
589 3335 667 3381 contr.
684 3332 778 3381 Gentes
791 3331 829 3379 18.

297 3421 334 3456 11.
352 3422 417 3457 cum
437 3409 552 3456 multis:
570 3409 636 3470 ‘you
650 3405 714 3454 with
730 3401 809 3469 many
825 3399 942 3463 others'3
959 3404 1008 3453 but
1023 3403 1070 3454 the
1084 3403 1192 3466 reeffing
1208 3418 1265 3453 cum

260 3482 352 3543 cultu,
373 3481 463 3530 ‘when
484 3496 535 3545 you
556 3479 638 3529 sdmit
660 3479 788 3543 anything
809 3494 842 3526 on
863 3479 909 3527 the
929 3479 1075 3543 subjectat
1092 3476 1146 3540 nll,’
1164 3480 1187 3527 is
1208 3495 1264 3543 pre·

262 3556 365 3606 fersble.

298 3644 336 3679 12.
354 3632 460 3679 solent:
472 3629 531 3677 ‘ere
543 3627 737 3677 accustomedto
747 3626 780 3675 be
790 3626 876 3675 thrust
883 3623 906 3687 ’ς
922 3626 940 3675 s'.
951 3642 971 3675 e.
983 3626 1019 3692 by
1024 3642 1089 3690 your
1094 3627 1195 3676 writers
1206 3627 1264 3676 who

261 3709 331 3754 trest
343 3703 370 3753 cf
378 3704 424 3753 the
434 3703 533 3765 subject
544 3703 571 3752 cf
576 3704 663 3751 future
673 3701 784 3751 rewards
796 3701 847 3750 and
858 3701 1044 3764 punishments.

299 3791 311 3824 2
315 3792 337 3839 3.
356 3778 529 3833 Suggillatio
540 3792 546 3825 :
564 3776 604 3824 lit.
616 3780 649 3824 ‘a
656 3776 732 3825 blsck
743 3775 794 3823 snd
802 3775 863 3824 blne
870 3773 972 3833 bruisess
985 3776 1037 3824 end
1049 3790 1076 3824 so
1088 3777 1140 3823 ‘an
1151 3773 1263 3836 effi-ont)

263 3851 272 3879 ‘
283 3865 299 3898 a
309 3845 384 3914 giba?
416 3847 470 3896 The
481 3846 543 3895 verb
555 3862 640 3896 occurs
650 3847 689 3896 oh.
701 3862 725 3911 4,
740 3859 780 3911 39.
