2784 4242
138 263 347 328 caaxxxlx]
390 256 550 320 adversus
574 256 693 320 Gentes
710 266 771 338 pro
797 253 1003 321 Christianis.
1080 269 1140 335 123
1192 237 1196 244 ⁸
1229 273 1232 276 ·

138 426 296 504 refrigerio
312 427 370 487 isto
384 431 527 505 juvamus,
543 448 600 487 non
616 448 673 505 qua
692 447 781 504 penes
795 447 846 486 vos
866 425 990 505 parasiti
1003 425 1142 484 affectant

137 525 179 583 ed
200 525 323 602 gloriam
345 527 527 586 famulandae
548 525 694 585 libertatis
716 526 770 584 sub
790 530 1008 584 auctoramento
1029 521 1141 582 ventris

136 624 220 682 inter
237 624 427 683 contumelias
447 624 609 701 saginandi,
623 625 674 684 sed
688 645 747 701 qua
765 643 853 701 penes
867 624 963 682 Deum
984 625 1076 699 major
1096 609 1158 681 est'

136 723 348 800 contemplatio
361 723 558 783 mediocrium.

183 821 216 879 Si
239 821 361 881 honeste
384 842 485 881 caussa
504 825 549 880 est
572 821 709 893 convivii,
734 821 881 898 reliquum
902 820 1034 880 ordinem
1056 819 1166 878 disci-5

136 918 240 997 plinae
257 920 419 1000 aestimate,
434 920 486 998 qui
505 921 553 990 sit,
567 920 603 978 de
620 919 770 997 religionis
787 920 897 979 officio:
919 918 995 977 nihil
1008 917 1141 987 vilitatis,

136 1017 216 1076 nihil
239 1019 439 1079 immodestiae
464 1019 613 1091 admittit;
642 1039 702 1077 non
725 1019 808 1096 prius
830 1017 1033 1089 discumbitur,
1054 1036 1142 1095 quam

137 1117 236 1175 oratio
259 1118 298 1176 ad
321 1118 415 1177 Deum
437 1124 662 1196 praegustetur,
693 1118 791 1176 editur
815 1123 959 1195 quantum
983 1116 1142 1175 esurientes

136 1214 262 1291 capiunt
270 1235 278 1287 ;
300 1216 415 1276 bibitur
428 1222 572 1293 quantum
584 1216 700 1294 pudicis
714 1223 758 1275 eet
770 1215 853 1275 utile.
895 1216 944 1275 Ita
963 1221 1142 1285 saturantur,

98 1305 242 1389 ”utqui
260 1315 446 1375 meminerint
460 1316 549 1374 etiam
570 1336 624 1393 per
643 1320 758 1374 noctem
779 1315 959 1374 adorandum
975 1313 1071 1374 Deum
1087 1313 1143 1372 sibi
1155 1329 1185 1365 10

137 1432 218 1484 esse;
240 1413 282 1471 ita
302 1413 482 1485 fabulantur,
496 1419 532 1471 ut
552 1413 605 1490 qui
626 1414 721 1472 sciant
738 1414 897 1471 Dominum
917 1413 1028 1472 audire.
1069 1412 1143 1470 Post

136 1530 246 1587 aquam
260 1512 425 1570 manualem
439 1517 469 1570 et
486 1511 605 1584 lumina,
621 1512 792 1589 utquisque
807 1512 843 1571 de
861 1511 1016 1589 scripturis
1036 1511 1143 1569 sanctis

136 1610 187 1667 vel
210 1608 246 1667 de
270 1609 388 1687 proprio
412 1610 531 1688 ingenio
551 1616 656 1688 potest,
677 1617 853 1687 provocetur
875 1610 907 1668 in
932 1609 1061 1669 medium
1081 1610 1143 1668 Deo

137 1727 261 1780 canere;
282 1708 350 1766 hinc
366 1709 510 1785 probatur
529 1710 669 1786 quomodo
688 1709 805 1768 biberit.
846 1708 949 1788 Aeque
966 1709 1058 1767 oratio
1075 1728 1142 1766 con-

136 1805 254 1865 virium
267 1805 388 1865 dirimit.
430 1807 505 1866 Inde
526 1806 687 1866 disceditur
707 1827 765 1865 non
785 1797 963 1868 ineatervas
977 1806 1142 1865 caesionum
1154 1829 1182 1878 15

137 1924 235 1981 neque
263 1904 294 1962 in
318 1905 424 1963 classes
448 1905 701 1978 discursationum,
724 1891 837 2000 necin
861 1905 1030 1982 eruptiones
1059 1885 1142 1964 lasci·

176 2030 197 2067 1.
215 2021 372 2080 refrigerio,
384 2021 391 2044 ‘
401 2018 574 2081 consoletion,’
587 2019 771 2086 ‘refresbmeht
782 2017 802 2079 '3
818 2020 863 2069 the
873 2021 941 2069 word
952 2035 1038 2069 recurs
1046 2019 1085 2068 ch.
1094 2034 1126 2083 49
1137 2037 1142 2078 ;

137 2092 199 2141 ado.
211 2093 296 2142 Marc.
310 2094 346 2141 iii.
360 2109 400 2156 24,
412 2095 462 2143 and
475 2095 553 2157 Vulg.
564 2094 606 2143 Ps.
619 2095 681 2142 lxvi.
695 2103 734 2146 te.

175 2181 196 2217 ο.
215 2172 268 2216 sub
280 2174 491 2218 auctoramento
502 2171 619 2228 ventris,
633 2168 688 2224 ‘for
699 2168 766 2217 their
776 2165 867 2232 belly's
877 2167 962 2232 wage'

172 2255 197 2302 4
215 2246 427 2303 contemplatio,
447 2238 666 2303 ‘consideration'
680 2259 696 2291 a
715 2258 786 2291 sense
805 2242 951 2306 frequently
966 2242 1098 2306 attaching
1114 2248 1141 2291 to

138 2314 193 2363 this
204 2315 273 2364 word
284 2316 312 2363 in
321 2316 441 2380 juridicel
452 2316 535 2365 Latin.

172 2387 196 2437 6.
215 2392 291 2437 nihil
307 2393 437 2451 vilitatis,
451 2390 573 2454 ‘nothing
588 2388 770 2454 disgreceful';
788 2391 839 2439 this
854 2391 973 2455 meaning
984 2390 1141 2441 civilitatis

138 2463 201 2527 only
212 2462 291 2511 found
306 2465 335 2512 in
350 2465 403 2513 late
420 2465 540 2523 enthors;
557 2480 636 2528 comp.
654 2465 732 2529 Apul.
749 2465 823 2515 Flos.
836 2467 852 2515 i.
866 2476 895 2530 73
913 2466 1041 2514 Aminiam
1059 2466 1140 2514 Marc.

138 2537 191 2587 xiv.
204 2536 235 2595 6;
252 2535 338 2595 Quint.
350 2554 374 2586 v.
388 2548 410 2601 7.
425 2551 463 2598 23.

175 2622 196 2672 7.
215 2626 300 2668 quem
317 2615 409 2662 cretio
426 2616 463 2661 ad
480 2616 573 2662 Deum
583 2618 788 2671 praetentetur.
821 2614 875 2662 The
886 2615 904 2663 J
907 2614 985 2663 ewisb
996 2615 1105 2678 practice
1116 2612 1144 2661 of

138 2686 231 2748 saying
247 2692 253 2711 ‘
261 2701 336 2748 grace
351 2686 437 2735 before
453 2684 550 2744 meets?
569 2687 717 2736 sanctioned
734 2688 785 2736 and
802 2688 918 2736 enforced
934 2688 970 2752 by
981 2686 1087 2736 Christ'e
1098 2704 1140 2737 ex-

138 2759 224 2821 ample
236 2757 272 2822 (S.
284 2758 362 2808 Mett.
373 2762 424 2809 xiv.
439 2774 477 2824 19,
488 2759 612 2825 etsreq.),
624 2776 676 2810 was
691 2761 822 2826 regularly
832 2762 954 2810 observed
966 2761 1055 2825 bytho
1070 2761 1141 2824 early
1224 2804 1227 2807 ,

138 2835 288 2884 Christiane.
323 2836 410 2899 Comp.
427 2836 452 2885 S.
469 2836 536 2884 Paul
552 2841 580 2884 to
596 2835 622 2884 S.
639 2836 785 2900 Timothyr
804 2838 853 2899 Ep.
871 2836 905 2884 iv.
924 2848 954 2899 53
971 2836 1051 2885 Olem.
1063 2836 1139 2884 Alex.

137 2911 221 2958 Paed.
233 2909 259 2959 ii.
272 2923 289 2971 4
300 2910 330 2958 ὥς
342 2907 368 2957 δὲ
379 2908 492 2972 ἁρμόδιον
504 2908 558 2972 πρὶν
571 2909 632 2971 ἡμᾶς
648 2911 803 2969 μεταλαβεῖν
819 2912 918 2973 τροφῆς,
930 2910 980 2958 τῶν
997 2909 1141 2968 συμπάντων

138 2982 252 3044 εὐλογεῖν
269 2980 314 3030 τὸν
331 2982 441 3045 ποιητήν,
459 2982 524 3032 οὕτω
539 2981 580 3031 καὶ
595 2983 659 3047 παρὰ
675 2980 751 3031 ποτὸν
768 2983 868 3046 καθήκει
886 2984 992 3048 ψάλλειν
1008 2985 1074 3047 αὐτῷ
1091 2984 1140 3031 τῶν

136 3057 214 3105 αὐτοῦ
225 3056 457 3118 μεταλαμβάνοντας
468 3056 616 3119 κτισμάτων.
637 3060 678 3108 On
689 3059 734 3108 the
744 3059 856 3108 beathen
867 3059 976 3123 practice
988 3074 1028 3106 see
1037 3059 1140 3107 Words·

136 3130 229 3191 worth,
240 3130 284 3181 et.
296 3132 368 3181 Hiet.
380 3133 415 3181 iii.
428 3144 455 3180 11
468 3147 474 3191 ;
491 3133 618 3181 Merivele
629 3149 652 3180 v.
666 3134 706 3182 82.

174 3218 212 3252 ιο.
229 3220 280 3262 per
292 3212 405 3256 noctem
416 3209 591 3255 odorandum
603 3211 703 3256 Deum.
735 3207 879 3256 Tertullian
890 3206 1015 3254 mentions
1027 3205 1072 3254 the
1084 3221 1140 3254 aoc-

136 3284 233 3328 twrnce
244 3282 438 3340 convocatione,
450 3280 486 3329 ad
496 3296 571 3332 neor.
584 3282 612 3329 ii.
624 3295 648 3343 4.
681 3282 723 3330 On
731 3281 775 3329 the
786 3286 883 3329 custom
895 3279 922 3327 of
930 3280 1038 3343 praying
1048 3280 1141 3344 during

135 3355 183 3403 the
200 3353 274 3416 night
290 3369 332 3403 see
349 3355 394 3404 the
413 3355 553 3404 references
574 3355 625 3404 and
642 3356 788 3419 quotations
808 3355 836 3404 in
855 3355 950 3402 Houne
971 3366 1004 3402 or
1020 3354 1140 3416 Pasira,

137 3427 211 3477 Dice.
225 3426 284 3476 Otr.
296 3427 355 3477 Ant.

173 3514 211 3550 11.
231 3504 273 3550 ita
283 3504 456 3562 fabulentur,
470 3508 510 3562 ut,
530 3503 608 3567 ‘they
619 3519 646 3553 so
655 3518 776 3553 converse
790 3518 818 3552 ae
834 3502 907 3552 those
919 3502 1076 3551 wholrnow.
1091 3540 1097 3551 .
1110 3501 1140 3562 .‘;

136 3576 203 3640 Eph.
215 3576 249 3625 iv.
264 3590 303 3640 29,
317 3589 363 3637 305
380 3577 472 3624 Golose.
485 3576 518 3625 iv.
533 3575 555 3624 6.

172 3662 211 3712 15.
227 3654 396 3707 cessionum,
411 3650 464 3698 ‘for
480 3656 534 3699 acts
550 3650 578 3698 of
586 3648 724 3700 violence':
742 3650 793 3700 thie
809 3652 831 3700 ie
847 3668 863 3700 e
880 3666 942 3714 very
958 3666 1021 3710 rere,
1038 3650 1061 3698 if
1069 3655 1114 3699 not
1125 3667 1141 3700 e

135 3726 243 3789 solitary
254 3726 368 3773 instance
379 3724 408 3772 of
416 3724 498 3773 coesto
509 3725 574 3773 with
585 3725 637 3773 this
649 3724 824 3789 signification.
860 3724 1000 3774 Columella
1007 3723 1053 3789 (ir.
1062 3739 1101 3787 33.
1114 3726 1138 3788 1)

136 3815 196 3849 uses
207 3800 230 3848 it
241 3798 270 3848 of
278 3802 286 3826 ‘
295 3795 419 3861 pruning'
429 3804 504 3848 trees.
540 3799 587 3848 See
598 3804 666 3858 note,
678 3799 716 3848 eb.
733 3811 779 3862 355
797 3798 849 3847 end
859 3814 893 3846 on
904 3798 964 3847 ‘the
980 3799 1104 3863 brutality
1116 3800 1144 3847 of

137 3874 229 3923 bullies
239 3874 267 3922 in
279 3873 323 3923 the
334 3871 443 3933 streets,’
455 3874 527 3937 Inge,
538 3872 624 3923 Social
635 3873 695 3937 Life
706 3873 735 3922 fn
746 3874 830 3935 Rome,
842 3889 866 3936 p.
878 3871 917 3932 46.
