2784 4242
135 243 343 307 cmxxxnffl
387 234 543 299 adverms
569 234 686 298 Gentes
700 244 763 317 pro
790 233 997 300 Christianis.
1078 251 1135 312 107

133 425 246 477 eorum,
261 425 334 482 quae
353 411 398 465 est
416 407 570 483 augustior
588 406 724 466 omnibus
744 405 844 484 geniis.
886 406 1016 466 Nescitis
1037 405 1138 483 genios

133 505 292 563 daemonas
316 504 439 576 dioi,.et
467 505 535 565 inde
563 505 739 565 diminutiva
765 524 836 564 voee
864 505 1034 577 daemoniat
1076 505 1138 563 Nos

130 602 280 677 judicium
292 602 350 660 Dei
369 603 542 681 suspicimus
556 604 587 661 in
602 603 836 681 imperatoribus,
851 604 904 681 qui
917 603 1055 679 gentibus
1070 603 1138 662 illos

132 700 286 778 praefecit.
327 702 365 759 Id
384 702 416 760 in
436 702 477 761 eis
499 702 606 761 seimus
625 723 696 776 esso,
712 702 792 778 quod
806 703 886 762 Deus
900 701 1003 774 voluit,
1016 702 1138 779 ideoque

132 806 165 858 et
180 800 294 858 salvum
308 800 441 860 volumus
455 821 525 874 esse,
541 802 619 880 quod
638 802 719 860 Deus
738 801 842 875 voluit,
857 807 887 860 et
907 821 961 877 pro
981 820 1087 878 magno
1105 801 1162 872 id5

130 901 302 973 juramento
336 898 485 959 habemns.
530 900 669 959 Ceterum
705 899 869 972 daemonas,
898 900 930 957 id
957 905 1001 959 ost
1029 899 1138 977 genios,

133 996 272 1073 adjurare
292 997 502 1070 consuevimus,
517 1003 552 1056 ut
572 998 640 1057 illos
661 998 697 1056 de
717 997 885 1058 hominibus
905 999 1064 1076 exigamus,
1079 1019 1137 1058 non

133 1095 276 1172 dejerare,
291 1101 326 1155 ut
341 1096 402 1155 illis
415 1097 554 1157 honorem
569 1097 735 1158 divinitatis
750 1099 941 1158 conferamus.

487 1330 621 1391 CAPUT
643 1330 789 1390 XXXIII.
830 1376 833 1381 .

177 1480 241 1539 San
256 1480 327 1557 quid
336 1500 390 1557 ego
404 1481 529 1557 amplius
542 1480 578 1540 de
592 1480 735 1558 religione,
746 1485 835 1557 atque
848 1480 958 1558 pietate
967 1480 1138 1542 Christiana
1149 1500 1179 1533 10

133 1578 166 1636 in
181 1578 406 1655 imperatoremt
427 1600 511 1656 quem
526 1599 641 1639 neeesse
656 1585 700 1638 est
715 1578 905 1656 suspiciamus
919 1585 953 1638 ut
967 1599 1042 1651 eum,
1050 1600 1138 1657 quem

133 1676 272 1736 dominus
300 1684 400 1737 noster
427 1678 557 1754 elegerit.
601 1678 642 1736 Et
672 1677 776 1736 merito
805 1677 938 1749 dixerim,
966 1685 1066 1737 noster
1091 1684 1137 1737 est

132 1775 229 1852 magis
244 1775 358 1848 Caesar,
373 1780 439 1835 uta
458 1782 556 1835 nostro
571 1777 633 1835 Deo
651 1776 836 1835 constitutus.
878 1776 983 1854 Itaque
1002 1783 1031 1835 et
1051 1776 1085 1836 in
1104 1797 1138 1836 eo

132 1874 202 1952 plus
216 1894 270 1951 ego
283 1874 328 1931 illi
342 1894 447 1951 operor
467 1875 500 1933 in
519 1875 652 1946 salutem,
667 1894 727 1932 non
748 1874 841 1933 solum
862 1875 940 1952 quod
961 1895 1024 1933 eam
1045 1877 1137 1935 abeo

131 1972 260 2049 postulo,
283 1972 336 2049 qui
361 1978 459 2050 potest
482 1978 639 2051 praestare,
662 1977 715 2031 out
740 1973 818 2049 quod
842 1973 911 2031 talis
934 1974 1060 2051 postulo,
1085 1975 1177 2051 qui15

131 2090 246 2129 merear
273 2071 441 2148 impetrare,
466 2073 517 2131 sed
542 2072 632 2131 etiam
656 2072 735 2149 quod
763 2077 927 2148 temperans
955 2075 1137 2148 majestatem

133 2169 267 2228 Caesaris
291 2170 369 2228 infra
388 2172 484 2229 Deum
503 2171 595 2247 magis
619 2170 705 2229 illum
725 2170 890 2229 commendo
915 2171 987 2245 Deo,
1010 2171 1057 2230 oui
1081 2172 1138 2231 soli

132 2267 268 2343 subJ‘ioio.
298 2268 428 2344 Subjioio
442 2277 551 2342 autem,
562 2271 610 2328 oui
625 2290 684 2328 non
698 2270 835 2346 adaequo.
864 2270 933 2329 Non
948 2271 1025 2329 enirn
1039 2270 1137 2330 Deum

131 2367 341 2444 imperatorem
359 2368 462 2439 dicam,
478 2369 525 2427 vel
544 2368 614 2446 quia
634 2368 756 2428 mentiri
776 2368 880 2440 nescio,
894 2368 941 2428 vel
962 2369 1032 2447 quia
1051 2370 1137 2428 illum

131 2466 265 2525 deridere
279 2486 336 2524 nou
351 2466 452 2537 audeo,
466 2467 514 2526 vel
529 2467 598 2545 quia
613 2488 665 2526 neo
678 2467 742 2546 ipse
758 2488 788 2526 se
803 2468 897 2526 Deum
911 2469 990 2528 volet
1004 2469 1070 2528 dici.
1103 2470 1136 2529 Si
1147 2493 1178 2526 20

131 2566 219 2623 homo
234 2564 282 2637 sit,
294 2564 417 2623 interest
431 2565 558 2624 hominis
573 2567 635 2626 Deo
650 2566 767 2638 oedere;
789 2565 860 2625 satis
873 2567 981 2627 habeat
994 2568 1136 2647 appellari

131 2664 299 2740 imperator.
342 2664 462 2722 Grande
478 2664 576 2724 etheo
597 2685 702 2723 nomen
722 2671 776 2737 est,
793 2665 871 2741 quod
885 2686 902 2724 a
918 2666 982 2725 Deo
997 2668 1134 2726 traditur.

131 2762 232 2839 Negat
251 2761 337 2821 illum
357 2762 570 2839 imperatorem,
586 2763 638 2840 qui
659 2764 755 2821 Deum
769 2763 851 2822 dicit.
893 2764 961 2824 Nisi
980 2765 1065 2824 homo
1086 2766 1134 2839 sit,

129 2865 252 2920 nonest
271 2860 438 2937 imperator.
482 2862 641 2921 Hominem
661 2883 691 2921 se
712 2882 773 2921 ease
794 2863 883 2921 otiam
899 2864 1083 2942 triumphans
1103 2864 1135 2922 in

129 2960 183 3018 illo
206 2959 414 3018 sublimissimo
435 2981 524 3019 ourru
545 2961 727 3019 admonetur.
769 2960 945 3038 Suggeritur
968 2962 1045 3021 enim
1065 2962 1094 3020 oi
1117 2982 1157 3020 aa
1162 2985 1175 3033 5

129 3165 223 3214 wishes
239 3165 279 3213 for
292 3166 333 3214 his
349 3163 459 3230 safety’;
476 3167 524 3214 but
541 3181 620 3229 comp.
634 3167 698 3216 Gen.
715 3166 771 3216 xlii.
784 3180 832 3229 15;
847 3167 884 3214 ad
900 3166 974 3229 Scap.
989 3180 1012 3227 2,
1024 3167 1133 3232 ‘sacrifi-

128 3255 215 3289 cemus
226 3256 272 3303 pro
283 3241 365 3290 salute
376 3241 535 3304 imperatoris
551 3275 559 3289 .
576 3275 583 3289 .
599 3278 606 3289 .
623 3257 688 3304 pura
700 3238 790 3304 prece?
822 3241 876 3290 The
887 3241 1000 3306 military
1011 3241 1072 3290 ooth
1079 3258 1133 3301 was

128 3315 242 3378 possible
253 3319 280 3362 to
290 3315 336 3363 the
347 3315 505 3374 Christians3
522 3330 563 3363 see
574 3320 642 3376 note,
654 3315 693 3364 ch.
707 3314 747 3377 38.

163 3402 186 3450 3.
203 3390 344 3445 judicium
355 3392 409 3438 Dei
420 3391 598 3446 suspioimus.
631 3388 807 3449 Seanotaeh.
821 3389 859 3439 18.
893 3389 967 3437 Rom.
978 3389 1032 3438 xiii.
1048 3402 1070 3448 1,
1085 3403 1107 3438 2.

164 3475 203 3524 15.
221 3464 272 3519 qui
288 3478 396 3513 merear
412 3467 571 3521 impetrare.
599 3464 707 3513 Mereor
724 3464 747 3513 is
763 3463 825 3512 used
840 3463 868 3512 of
884 3479 972 3513 oourss
982 3464 1131 3531 relatively;

127 3538 174 3586 the
185 3536 316 3587 Christian
330 3553 358 3587 aa
369 3554 385 3586 a
396 3543 454 3588 true
464 3539 619 3602 worshipper
635 3539 664 3588 of
677 3540 736 3589 God
752 3539 909 3603 approaohed
926 3538 990 3586 Him
1006 3554 1075 3587 more
1091 3555 1132 3588 ao·

127 3611 248 3676 ceptably
259 3611 324 3660 thau
335 3612 358 3661 it
368 3628 420 3661 was
430 3614 541 3677 possible
557 3613 597 3662 for
612 3613 657 3663 the
674 3614 787 3663 heathau
798 3618 825 3662 to
836 3613 875 3663 do.
910 3613 964 3661 Yet
977 3612 1022 3662 the
1039 3614 1132 3663 matta

128 3685 157 3735 of
166 3686 310 3734 Christiana
320 3702 363 3735 are
373 3686 418 3736 the
426 3703 533 3736 munero
539 3688 567 3738 of
572 3688 646 3747 God3
662 3687 687 3737 S.
697 3689 765 3753 Aug.
775 3688 827 3753 Ep.
838 3701 894 3752 194.
906 3701 942 3753 19.
963 3687 1010 3737 See
1018 3687 1131 3752 Bright's

130 3763 212 3814 Sem.
222 3760 249 3810 S.
260 3760 317 3820 Leo,
330 3767 390 3811 note
401 3760 441 3824 63.

165 3848 204 3898 25.
224 3838 392 3894 suggeritur
404 3841 440 3887 ei.
477 3836 523 3887 See
536 3843 602 3898 note,
615 3838 654 3887 oh.
669 3839 707 3888 18.
