2784 4242
240 214 285 275 40
519 194 722 267 Tertulliani
740 198 963 283 Apolegeticus
1132 208 1255 274 [esur.

241 374 337 433 totum
357 366 566 427 instrumentis
585 368 762 441 revincetur,
777 369 814 428 de
835 369 943 448 quibus
963 390 1012 429 eos
1032 368 1149 442 didicit,
1162 369 1253 430 testi-

242 465 372 529 monium
382 465 607 544 perhibentibus
624 468 663 528 sd
672 467 847 528 hodiernum
861 473 891 528 et
901 468 1081 541 civitatibus,
1092 468 1125 527 in
1138 468 1253 547 quibus

242 567 306 631 neti
325 571 405 639 sunt,
418 570 449 625 et
469 565 647 644 regionibus,
668 567 701 626 in
721 567 829 645 quibus
850 568 963 645 aliquid
983 568 1100 646 operati
1119 568 1254 645 vestigio

243 665 435 741 reliquerunt,
460 662 493 722 in
516 665 624 742 quibus
647 665 738 726 etiam
762 666 872 745 sepulti
895 666 1144 727 demonstrantur.
1183 667 1254 726 Neo

220 772 301 841 ‚sego
322 783 376 841 per
398 761 528 840 singulos
553 763 715 837 decurram,
736 768 783 824 tot
806 785 840 824 ue
865 768 974 838 tentos,
998 785 1098 839 novos,
1123 770 1252 837 veteres,

243 858 392 929 barbaros,
408 855 544 925 Graecos,
566 857 721 931 Romanos,
736 858 914 937 peregrinos,
929 859 1068 937 captivos,
1082 859 1252 938 adoptivos,

244 956 384 1035 proprios,
410 975 583 1029 communes,
606 956 758 1030 masculos,
785 955 918 1032 feminus,
943 957 1079 1033 rustioos,
1108 959 1250 1030 urbanos,

244 1054 386 1126 nauticos,
401 1052 561 1127 militarem
593 1055 721 1114 otiosum
741 1060 787 1133 est
808 1054 898 1115 etiem
917 1055 1023 1116 titulos
1043 1057 1189 1135 persequi,
1212 1061 1250 1115 ut

244 1154 380 1231 colligum
403 1155 436 1214 in
456 1153 669 1233 oompendium‚
691 1158 723 1213 et
742 1153 797 1213 hoe
821 1174 880 1213 non
900 1174 959 1232 quo
983 1154 1173 1232 cognoscatis,
1196 1155 1252 1216 sed

199 1253 454 1331 'roreoognosootis
465 1273 475 1328 ;
509 1258 589 1313 certe
609 1251 688 1313 enim
708 1252 814 1313 oblitos
833 1252 930 1330 agitis.
981 1251 1062 1312 Ante
1084 1254 1250 1314 Saturnum

245 1352 316 1412 deus
326 1373 416 1430 penes
429 1372 482 1412 vos
496 1372 581 1412 nemo
594 1356 647 1424 est,
664 1350 767 1410 abillo
780 1372 884 1412 census
897 1350 991 1412 totius
1000 1352 1048 1411 101
1060 1351 1184 1431 potioris
1198 1353 1250 1413 vel

245 1451 369 1512 notioris
389 1450 565 1511 divinitatis.
605 1451 712 1526 Itaque
731 1451 810 1527 quod
829 1450 866 1511 de
887 1450 998 1529 origine
1019 1448 1195 1524 eonstiterit,
1216 1450 1249 1510 id

245 1551 283 1610 de
308 1551 482 1630 posteritate
509 1551 670 1610 conveniet.
723 1551 883 1611 Saturnum
910 1550 1021 1628 itaque,
1049 1549 1075 1608 si
1102 1552 1249 1627 quantum

245 1650 362 1711 litterae
376 1650 489 1721 dooent,
503 1669 598 1725 neque
615 1649 762 1709 Diodorus
779 1648 916 1719 Graecus,
930 1652 983 1708 ant
1004 1648 1133 1721 Thallus,
1150 1667 1248 1726 neque

206 1764 235 1816 15
246 1747 364 1809 Cassius
381 1747 513 1818 Severus,
528 1752 580 1807 sut
599 1747 755 1807 Cornelius
772 1748 880 1825 Nepos,
894 1767 988 1825 neque
1006 1747 1083 1807 ullus
1100 1768 1248 1806 commen-
1287 1741 1289 1745 ’

244 1853 327 1909 tator
340 1845 512 1927 ejusoemodi
525 1846 740 1924 antiquitatum
753 1845 835 1905 eliud
849 1865 937 1923 quum
955 1844 1101 1905 hominem
1115 1845 1245 1925 promul·

245 1953 406 2025 guyerunt3
427 1944 453 2006 si
474 1949 616 2023 quantum
637 1965 735 2005 rerum
756 1952 938 2022 argumente,
960 1965 1105 2022 nusquam
1126 1945 1247 2004 invenio

244 2122 290 2172 the
297 2121 360 2185 gods
371 2136 439 2170 were
450 2119 543 2169 deified
557 2135 617 2169 1000
627 2136 681 2169 wos
692 2120 763 2171 often
781 2120 905 2184 sppeeled
919 2125 947 2169 to
961 2119 997 2185 by
1006 2119 1137 2169 Christian
1146 2119 1246 2169 writers

242 2203 271 2250 in
280 2201 349 2249 their
359 2203 506 2263 arguments
517 2199 618 2263 against
629 2199 676 2248 the
687 2215 771 2262 pagan
781 2198 947 2264 mythology:
969 2214 991 2250 0.
998 2213 1026 2261 9.
1038 2199 1104 2247 Min.
1117 2198 1192 2247 Felix
1200 2211 1245 2256 11;

242 2272 354 2337 Theoph.
371 2273 409 2321 ad
425 2272 517 2322 Aaron
534 2273 552 2321 i.
572 2283 603 2336 73
620 2273 699 2322 Olem.
719 2272 796 2321 Alex.
819 2272 922 2322 0011011.
941 2287 963 2333 n,
981 2287 1012 2335 4;
1029 2272 1146 2321 Lseteut
1164 2273 1183 2320 i.
1200 2284 1245 2330 113

243 2349 312 2412 Aug.
324 2347 356 2395 de
368 2348 416 2394 eie.
428 2345 478 2396 Dei
489 2346 523 2394 11.
537 2354 569 2409 7;
585 2346 628 2394 vii.
643 2344 689 2406 26;
707 2362 786 2410 eomp.
798 2346 888 2395 Cicero
905 2346 937 2394 de
947 2349 1003 2394 uui.
1013 2346 1081 2396 deor.
1093 2346 1121 2395 11.
1133 2360 1175 2410 42,
1188 2345 1244 2394 ‘Ab

243 2421 386 2472 Euhemero
408 2425 495 2469 autem
517 2425 545 2470 et
566 2424 660 2469 mortes
683 2425 710 2468 et
732 2421 878 2484 sepulturae
900 2421 1107 2470 demonstrentur
1126 2416 1244 2469 deorum'

244 2497 321 2546 From
338 2510 355 2542 o
370 2509 454 2557 pagan
469 2494 543 2557 point
559 2492 588 2543 of
595 2494 661 2543 view
677 2493 723 2542 the
739 2493 819 2543 books
834 2494 863 2543 of
876 2494 1034 2543 Euhemerus
1044 2511 1111 2544 were
1127 2495 1243 2558 seeptieel

244 2568 296 2619 and
305 2568 480 2625 1011000110τὶ0,
491 2567 539 2617 but
549 2567 619 2617 their
628 2567 777 2632 populerity
784 2584 837 2618 was
848 2573 929 2632 great,
938 2568 990 2619 and
997 2569 1097 2618 Ennius
1103 2569 1243 2619 translated

243 2644 313 2694 them
324 2643 380 2691 into
390 2641 475 2690 10110.

280 2732 301 2766 1.
318 2718 516 2766 testimonium
535 2718 727 2773 perhibentes.
766 2716 820 2765 'l'he
842 2715 967 2766 technicel
989 2716 1057 2781 legul
1081 2716 1178 2780 phrase
1203 2722 1243 2766 ‘to
1268 2712 1270 2715 ’

243 2792 306 2842 beer
319 2786 437 2840 witness’
443 2805 450 2849 3
467 2789 520 2837 ond
530 2805 559 2838 so
570 2788 632 2837 used
643 2789 668 2838 S.
680 2791 699 2839 J
701 2789 752 2838 0110
762 2791 780 2840 i.
794 2791 808 2838 8
821 2790 934 2855 (vulp),
947 2793 995 2840 ‘ut
1005 2790 1181 2840 testimoninm
1190 2807 1241 2855 per-

243 2866 343 2915 hiberet
354 2864 385 2913 de
396 2860 508 2912 lumine'
518 2879 525 2922 ;
541 2878 567 2911 1.
581 2876 613 2924 30
623 2862 660 2924 ffi,
672 2869 719 2911 ete.

277 2939 300 2987 8.
317 2942 427 2988 titulos.
460 2937 509 2987 See
520 2940 588 2997 note,
599 2936 638 2985 oh.
652 2950 673 2985 1.

280 3025 317 3063 10.
335 3015 438 3062 oblitos
450 3015 542 3070 agitis.
575 3011 664 3074 (temp.
677 3010 717 3060 oh.
730 3019 769 3074 37,
782 3010 881 3060 ‘hostes
897 3017 1008 3062 exsertos
1024 3010 1117 3077 egere‚'
1128 3015 1187 3064 ‘eet
1200 3012 1242 3062 the

243 3092 303 3151 pert
313 3086 341 3135 of
350 3086 455 3136 uvowed
466 3082 594 3135 enemies!

277 3173 316 3217 11.
333 3175 450 3210 oeneus:
467 3175 508 3208 see
518 3163 588 3220 note,
599 3158 638 3207 oh.
649 3168 672 3223 7.

281 3247 319 3296 13.
339 3238 494 3284 saturnum
504 3236 609 3290 itaque.
642 3232 709 3281 Min.
721 3232 775 3282 rer.
789 3245 835 3293 ²23
852 3232 923 3283 luet
935 3233 952 3282 i.
966 3246 1005 3295 13.

280 3322 319 3372 14.
337 3310 463 3357 Thallus.
498 3306 545 3356 See
556 3312 623 3364 note,
634 3306 674 3355 oh.
686 3319 727 3370 19.

282 3395 319 3445 15·
337 3384 453 3431 cassius
468 3385 600 3431 Severus.
628 3380 684 3429 Not
694 3381 796 3430 Cassius
807 3380 924 3441 Severus,
932 3379 1085 3432 thesotirist
1093 3381 1147 3431 eud
1155 3388 1244 3439 010101,

246 3455 303 3506 who
313 3472 366 3505 was
376 3456 501 3505 benished
510 3456 547 3520 by
557 3458 691 3519 Augustus
708 3454 760 3504 and
771 3455 830 3504 died
840 3468 899 3504 un.
912 3470 954 3518 33,
970 3457 1018 3505 but
1033 3456 1128 3506 Lucius
1144 3457 1241 3507 Cassius

246 3531 367 3591 Hemina,
387 3547 404 3579 o
422 3531 522 3580 Romen
540 3531 728 3595 000011οκ1111.
746 3542 771 3578 11.
780 3542 802 3579 o.
824 3531 892 3593 1401,
910 3531 968 3580 11110
984 3536 1064 3580 wrote
1080 3548 1096 3580 0
1112 3532 1210 3597 history
1219 3532 1244 3582 01

247 3605 328 3654 Rome
338 3605 403 3653 from
415 3605 462 3653 the
473 3604 574 3654 earliest
584 3606 661 3654 times
672 3610 700 3654 to
710 3605 756 3654 the
766 3604 817 3654 end
827 3604 856 3653 of
863 3605 908 3654 the
919 3604 991 3654 third
1002 3605 1083 3654 Punic
1093 3622 1155 3656 wer.

324 3683 543 3726 oommentetor:
568 3694 585 3726 0
603 3695 659 3727 11110
676 3679 816 3741 postulem.
832 3680 910 3739 word,
934 3679 962 3727 10
982 3679 1085 3741 general
1106 3677 1241 3744 signifying

248 3746 406 3808 ‘contriveu'
416 3750 463 3800 but
474 3751 618 3801 Tertulliun
629 3768 685 3802 uses
700 3753 723 3802 it
739 3753 815 3818 00010
831 3753 862 3804 cle
878 3769 925 3804 rer.
942 3768 1014 3803 earn.
1027 3767 1067 3817 33,
1079 3753 1107 3802 in
1117 3753 1163 3802 the
1173 3769 1242 3804 sense

246 3822 274 3873 ef
283 3826 290 3850 ‘
298 3821 405 3873 author!
