2784 4242
469 1196 772 1263 APPENDIX.

607 1362 634 1422 Ι.

191 1581 223 1641 S.
238 1580 473 1641 Hrnaournus:
495 1598 538 1640 nn
559 1598 645 1641 vmrs
665 1598 877 1654 muneramus,
899 1597 965 1643 car.
987 1601 1055 1644 nm.

387 1754 499 1820 (Hique,
511 1752 615 1803 Potrol.
627 1754 687 1806 Lat.
700 1755 770 1806 xxiii.
783 1754 852 1818 661.)

156 1958 400 2016 harmannus
418 1956 580 2034 presbyter,
599 1975 677 2015 nunc
703 1957 821 2016 demum
841 1956 954 2035 primus
973 1964 1039 2035 post
1054 1957 1118 2016 Vic-

111 2057 209 2111 torem
231 2057 261 2110 et
271 2049 466 2128 Apollonium
480 2050 652 2111 Latinorum
665 2049 795 2128 ponitur,
810 2050 978 2128 provinciae
991 2050 1118 2124 Africae,

112 2143 248 2206 civitatis
259 2143 520 2222 Carthaginiensis,
532 2149 617 2221 patre
629 2144 799 2204 centurione
813 2143 1023 2222 proconsulari.
1060 2145 1119 2205 Hic

113 2238 193 2299 acris
207 2245 237 2298 et
250 2238 429 2298 vehementis
442 2238 565 2316 ingenii,
577 2239 631 2298 sub
646 2238 755 2298 Severo
769 2237 903 2316 principe
922 2244 953 2298 et
967 2237 1119 2299 Antonino

24 2324 28 2336 ’
113 2333 268 2394 Caracalla
281 2333 408 2392 maxime
422 2332 537 2404 floruit;
561 2335 714 2411 multaque
736 2333 852 2411 scripsit
865 2334 1016 2393 volumina
1033 2355 1118 2411 quae,

113 2430 186 2507 quia
199 2437 269 2489 nota
288 2435 358 2488 sunt
377 2427 523 2505 pluribus,
538 2426 811 2505 praetermittimus.
852 2428 924 2487 Vidi
942 2450 996 2506 ego
1018 2450 1120 2506 quem-

113 2524 186 2583 dam
207 2522 330 2583 Paulum
351 2522 538 2595 Concordiae,
563 2522 641 2600 quod
661 2522 801 2601 oppidum
821 2522 926 2583 Italiae
946 2529 999 2597 est,
1021 2544 1119 2585 senem

113 2619 169 2696 qui
190 2638 221 2677 se
242 2617 320 2677 beati
342 2617 493 2695 Cypriani,
512 2620 575 2693 jam
595 2617 717 2694 grandis
737 2616 854 2690 aetatis,
875 2618 1031 2690 notarium,
1053 2641 1119 2679 cum

113 2713 178 2790 ipsc
198 2711 354 2771 admodum
375 2717 453 2772 esset
473 2711 648 2782 adolescens,
669 2711 781 2771 Romae
801 2711 911 2796 vidisse
931 2712 1050 2786 diceret,
1072 2734 1119 2773 re·

113 2807 250 2883 ferreque
264 2805 321 2865 sibi
330 2805 454 2866 solitum
464 2826 614 2883 nunquam
624 2805 809 2882 Cyprianum
822 2806 931 2884 absquo
945 2806 1120 2867 Tertulliani

114 2900 241 2960 lectione
263 2921 355 2959 unum
379 2901 457 2959 diem
478 2899 677 2977 praeteriisse,
700 2920 734 2959 ac
748 2899 805 2958 sibi
827 2900 927 2959 crebro
949 2900 1044 2959 dicere
1068 2901 1119 2960 Da

113 2998 297 3072 saepiarum,
314 2993 531 3053 Tertullianum
545 2993 683 3055 videlieet
696 2993 873 3072 significans.
1172 2989 1175 2994 ’

157 3089 225 3161 Hic,
235 3109 300 3148 cum
309 3088 448 3165 usquead
460 3088 587 3147 mediam
598 3093 724 3147 aetutem
733 3088 885 3165 presbyter
895 3086 1043 3146 Ecclesiae
1053 3108 1119 3165 per·

114 3183 278 3257 mansisset,
295 3181 407 3241 invidia
420 3186 522 3258 postea
542 3186 573 3239 et
588 3181 772 3240 contumeliis
787 3181 957 3241 clericorum
971 3181 1119 3241 Romanae

113 3276 269 3350 Ecclesiae,
285 3277 323 3335 ad
337 3276 473 3336 Montani
484 3275 589 3353 dogma
598 3275 742 3352 delapsus,
757 3275 788 3333 in
802 3275 905 3334 multis
918 3276 1003 3335 libris
1017 3276 1119 3335 Novae

114 3370 305 3448 Propheticae
319 3369 470 3443 meminit;
493 3368 658 3447 specialiter
670 3373 770 3429 autem
789 3370 944 3428 adversum
957 3368 1119 3429 Ecclesiam

114 3464 213 3524 texuit
226 3464 383 3537 volumina,
399 3465 434 3522 de
447 3464 608 3542 pudicitia,
622 3464 657 3522 de
672 3467 878 3541 persecutione,
892 3465 927 3523 de
938 3464 1071 3542 jejuniis,
1085 3464 1120 3521 de

113 3562 311 3635 mooopamia,
325 3559 359 3617 de
372 3561 478 3618 marsei
486 3558 578 3618 libros
588 3578 647 3629 sex,
659 3565 690 3618 et
701 3557 858 3636 septimum
870 3578 954 3636 quem
966 3559 1120 3617 adeersum

114 3650 305 3727 Apollonium
324 3648 495 3727 composuit.
536 3650 702 3726 Ferturque
722 3648 828 3708 vixisse
848 3668 941 3724 usque
959 3649 1000 3730 *ud
1021 3648 1118 3707 decre·

114 3744 208 3820 pitam
229 3748 362 3814 aetatem,
388 3748 418 3802 et
441 3742 545 3814 multa,
570 3762 644 3820 quae
668 3762 727 3801 non
751 3747 869 3801 exstant
890 3742 1029 3818 opuscula
1050 3761 1118 3800 con-

114 3835 232 3896 didisse.
