2784 4242
165 265 322 330 cmxiii]
363 256 520 356 adversus
544 255 661 322 Gentes
674 267 739 340 pro
764 255 972 324 Christianis.
1128 269 1168 337 75

165 447 207 487 ex
227 428 342 514 unitate
364 427 555 490 substantiae.
599 429 678 489 Nam
693 410 734 488 *et
758 428 838 488 Deus
862 429 999 507 Spiritus.
1041 428 1170 487 Etcum

161 526 270 588 ,radius
289 548 325 586 ex
341 528 401 587 sole
418 528 591 605 porrigitur,
605 529 703 605 portic
721 548 759 587 cx
777 548 890 588 summa
899 548 907 603 ;
933 529 982 600 sed
1002 529 1044 587 eol
1062 527 1120 587 erit
1137 525 1171 584 in
1219 605 1224 613 ²

161 626 262 697 radio,
284 626 355 703 quia
379 627 449 687 solis
473 633 518 686 cst
541 627 648 697 radius,
671 647 725 686 nec
749 635 901 706 separatur
923 628 1097 699 substantia,
1119 626 1171 687 sed

167 724 349 785 extenditur.
401 726 451 785 Ita
472 726 510 785 de
532 725 647 803 Spiritu
670 726 809 804 Spiritus,
831 731 862 786 et
884 727 920 786 de
940 725 1005 785 Deo
1026 726 1115 797 Deus,
1137 731 1171 783 ut

168 822 270 882 lumen
297 823 334 883 de
360 824 472 883 lumine
500 845 660 884 accensum.
703 825 804 885 Manet
830 823 946 901 integra
973 831 1003 883 et
1027 823 1194 891 indefecte5

167 921 309 982 materiae
330 923 448 996 matrix,
465 923 522 983 etsi
542 923 643 1001 plures
663 922 733 983 inde
752 921 888 983 traduces
909 924 1087 1001 qualitatum
1107 941 1171 981 mu·

167 1020 273 1080 tueris.
312 1020 364 1080 Ita
377 1029 407 1082 et
422 1023 501 1100 quod
518 1023 554 1083 de
574 1023 639 1082 Deo
657 1024 822 1101 profectum
835 1028 888 1093 eet,
904 1022 984 1081 Deus
1000 1027 1054 1095 est,
1067 1028 1098 1082 et
1113 1021 1172 1081 Dei

168 1118 276 1191 Filius,
289 1125 320 1179 et
336 1141 412 1180 unus
432 1122 527 1181 ambo.
568 1122 619 1184 Ita
632 1126 664 1183 et
677 1121 714 1181 de
729 1121 844 1200 Spiritu
859 1120 997 1198 Spiritus,
1012 1128 1042 1180 et
1058 1121 1095 1180 de
1108 1120 1172 1179 Deo

169 1217 252 1277 Deus
268 1219 386 1278 modulo
399 1219 534 1292 alterum,
549 1240 609 1279 non
622 1240 752 1293 numero,
766 1219 868 1298 gradu
883 1240 941 1278 non
955 1224 1035 1279 stetu
1048 1219 1127 1291 fecit,
1140 1223 1173 1277 et

206 1420 229 1456 1.
246 1422 281 1458 ex
296 1410 409 1459 unitate
426 1412 610 1459 substantiae.
644 1410 706 1461 This
723 1411 746 1460 is
759 1409 804 1459 the
820 1415 893 1460 exact
909 1409 1057 1473 equivalent
1071 1408 1100 1457 of
1113 1409 1171 1468 ὀμο-

170 1479 256 1530 odoror
267 1498 296 1531 ae
307 1483 408 1531 defined
423 1483 514 1547 hythe
529 1484 627 1533 Nicone
639 1484 751 1533 Council.
785 1484 871 1547 Gomp.
885 1484 942 1533 adn.
957 1484 1037 1533 Prae.
1053 1498 1075 1543 2,
1087 1483 1172 1531 where

164 1557 315 1606 ¹'tertullian
331 1557 453 1621 speaking
469 1557 498 1605 of
510 1558 555 1607 the
571 1558 642 1623 Holy
653 1559 757 1623 Trinity
767 1575 834 1623 says,
848 1560 923 1608 ‘thes
934 1564 1020 1608 autem
1032 1574 1083 1606 non
1094 1562 1172 1617 statu,

126 1657 129 1661 Δ
170 1631 217 1679 sed
227 1631 309 1694 gradu
319 1645 326 1689 ;
343 1647 389 1679 nec
401 1631 550 1690 substantia,
557 1630 601 1679 sed
611 1631 708 1693 forina3
725 1649 772 1681 nec
781 1636 917 1697 potestate,
930 1632 974 1681 sed
985 1632 1080 1696 specie:
1098 1632 1172 1680 unius

170 1712 259 1756 antem
270 1706 428 1756 substantiae
445 1708 563 1756 etunius
580 1713 663 1757 status
680 1714 707 1758 et
724 1709 799 1757 unius
815 1707 982 1773 potestatis’;
1000 1709 1032 1757 ib.
1049 1721 1097 1770 13;
1113 1708 1171 1757 ado.

171 1781 256 1830 Marc.
270 1781 306 1830 iii.
318 1780 350 1841 6;
367 1781 402 1830 iv.
415 1794 462 1843 a5;
480 1782 512 1830 de
518 1782 581 1844 pud.
597 1795 628 1842 2;
645 1783 696 1831 and
712 1780 795 1832 Bull's
805 1784 918 1833 remarks
929 1782 989 1845 Def.
1000 1782 1058 1832 Fid.
1070 1782 1130 1831 Nic.
1144 1781 1171 1831 ii.

172 1868 195 1919 7.
210 1868 233 1914 1,
247 1868 269 1912 2,
282 1868 317 1917 5.v

238 1933 313 1978 liam
324 1936 353 1979 et
364 1932 441 1978 Deus
454 1933 586 1987 Spiritus.
620 1930 646 1980 S.
657 1931 730 1980 John
740 1932 774 1979 iv.
789 1944 828 1995 ²4·

207 2018 229 2052 a.
246 2008 344 2053 radius
360 2018 397 2053 ex
410 2007 470 2053 sole
483 2008 645 2063 porrigitur.
679 2006 747 2057 Heb.
759 2006 778 2055 i.
793 2018 807 2067 3
824 2006 954 2070 naturally
965 2003 1102 2070 suggested
1118 2004 1170 2054 this

170 2080 269 2128 simile:
285 2094 366 2142 comp.
385 2080 442 2128 adn.
462 2078 542 2129 Pras.
565 2093 611 2141 13;
627 2080 724 2130 Athen.
741 2082 772 2130 dc
788 2083 856 2130 decan
871 2080 931 2130 Nic.
948 2093 985 2143 25.
1019 2080 1107 2136 These,
1119 2077 1171 2127 and

169 2152 265 2202 indeed
281 2169 339 2218 any,
350 2153 464 2217 physical
477 2155 645 2218 comparisons
661 2155 795 2219 employed
811 2159 839 2204 to
853 2155 982 2204 illustrate
996 2154 1040 2203 the
1051 2155 1135 2218 Unity
1146 2152 1174 2202 of

170 2226 218 2275 the
229 2227 323 2276 Divine
335 2227 444 2276 Essenoe
458 2228 597 2292 subsisting
609 2230 637 2278 in
653 2229 735 2277 Three
746 2228 854 2278 Persons
870 2244 914 2277 are
929 2229 1071 2293 inevitably
1081 2229 1171 2292 imper·

171 2300 231 2350 fect.
258 2301 357 2350 Athan.
366 2304 448 2350 cestr.
459 2303 553 2352 Arion.
565 2303 592 2351 ii.
604 2316 652 2363 323
668 2303 779 2368 August.
790 2302 870 2352 Sem.
882 2313 936 2367 117.
948 2313 970 2367 7.
1003 2303 1057 2351 The
1066 2302 1172 2367 parallel

171 2390 233 2439 may
248 2374 308 2424 hold
324 2375 390 2439 good
409 2376 437 2423 in
454 2390 502 2425 one
517 2377 665 2439 particular,
683 2378 732 2426 but
749 2376 806 2426 faits
821 2378 848 2426 in
865 2377 964 2427 others:
983 2393 1004 2426 e.
1011 2393 1034 2439 9.
1045 2379 1134 2441 portio
1150 2376 1172 2425 is

170 2466 202 2500 so
213 2450 252 2499 iar
262 2467 278 2500 a
289 2451 432 2513 legitimate
443 2451 526 2500 simile
537 2452 566 2499 in
574 2451 633 2500 that
643 2452 689 2500 the
702 2452 754 2501 Son
764 2453 824 2501 does
834 2456 880 2501 not
891 2454 1011 2516 comprise
1022 2453 1050 2501 in
1061 2449 1175 2500 Himself

170 2525 217 2574 the
233 2523 316 2573 whole
331 2522 427 2572 Triune
445 2523 575 2580 Godhead
587 2525 638 2574 and
654 2526 683 2574 in
702 2526 758 2574 that
774 2525 796 2574 it
808 2530 880 2574 notes
897 2526 941 2575 the
954 2525 1171 2575 ‘subordination'

171 2602 201 2651 oi
213 2601 258 2651 the
274 2599 326 2649 Son
342 2605 370 2649 to
385 2599 430 2649 the
446 2600 558 2660 Father;
574 2602 622 2650 hut
638 2601 683 2650 the
699 2601 805 2665 parallel
822 2601 881 2650 fails
897 2602 925 2649 in
941 2603 1000 2651 that
1017 2603 1062 2651 the
1080 2602 1131 2650 Son
1149 2602 1172 2649 is
1224 2625 1226 2629 v

171 2675 299 2738 eternally
308 2675 468 2738 inseparahle
478 2674 550 2733 from,
562 2690 591 2723 or
607 2676 757 2724 coinherent
771 2675 806 2734 in,
823 2671 868 2724 the
884 2675 988 2736 Father,
1000 2677 1051 2725 and
1068 2675 1173 2738 coequat

171 2749 237 2800 with
248 2749 320 2798 Him.
353 2748 494 2798 Tertullian
510 2750 605 2813 clearly
615 2765 744 2813 preserves
760 2749 800 2798 his
816 2750 951 2813 figurative
966 2752 1091 2815 language
1107 2749 1172 2798 from

170 2824 368 2887 misconception
376 2823 411 2886 hy
418 2823 590 2888 emphasining
595 2824 667 2873 these
674 2824 760 2887 points
769 2823 826 2874 adso.
836 2824 922 2875 Marc.
929 2826 965 2876 iii.
973 2825 989 2874 6
998 2841 1005 2885 ;
1023 2826 1078 2875 adv.
1088 2826 1172 2873 Pron.

171 2900 197 2958 8,
210 2912 234 2962 9,
249 2911 286 2962 19.
319 2895 466 2945 Newman's
476 2899 586 2958 Ariona,
598 2897 643 2973 ch..
648 2898 676 2946 ii.
689 2913 712 2961 4.
723 2911 746 2959 3.
1247 2956 1252 2961 ⁸

207 2986 231 3033 3.
247 2986 300 3021 neo
317 2977 464 3028 separatur
481 2975 656 3022 substantie:
675 2987 755 3035 comp.
771 2971 817 3020 the
827 2970 986 3035 Quicunque,
1000 2974 1098 3037 ‘neque
1109 2971 1172 3019 Sub·

171 3046 295 3096 stantiam
306 3046 467 3109 separantes?

205 3134 231 3182 4.
249 3123 284 3168 de
296 3122 357 3168 Deo
368 3120 453 3178 Dens,
461 3125 496 3168 ut
506 3122 603 3169 lumen
614 3124 650 3169 de
661 3122 786 3169 lumine:
803 3134 882 3182 comp.
894 3119 939 3168 the
950 3119 977 3167 N
978 3120 1049 3168 ioene
1059 3119 1169 3183 phrases,
1206 3110 1215 3120 ’

170 3192 237 3244 Θεὸν
248 3194 277 3242 lc
288 3192 360 3252 Θεοῦ,
370 3193 419 3256 φῶς
430 3192 459 3240 ὲκ
469 3192 556 3256 φωτός.

205 3267 231 3319 6.
248 3271 382 3317 materies
409 3270 523 3327 matrix,
548 3268 609 3317 ‘the
635 3267 743 3332 original
771 3272 863 3331 parent
889 3266 1013 3317 matter’:
1041 3267 1131 3328 below,
1155 3284 1173 3316 n

171 3344 411 3407 matricc=afoatc
421 3343 494 3391 entia.

206 3433 230 3483 9.
247 3421 364 3466 modulo
380 3431 439 3466 non
454 3430 590 3465 numero:
608 3417 651 3465 ‘in
666 3415 741 3465 mode
757 3416 786 3465 cf
799 3416 926 3465 existence
940 3420 986 3464 not
995 3416 1023 3464 in
1034 3416 1173 3466 numerical

172 3493 322 3543 distinction
332 3489 355 3541 ι’
373 3494 391 3541 c'.
403 3507 422 3540 c.
436 3490 481 3540 the
492 3490 587 3539 Father
597 3491 675 3539 existe
684 3506 734 3553 quc
745 3489 850 3550 Father,
862 3490 907 3539 the
918 3489 969 3538 Son
981 3506 1032 3553 quc
1044 3490 1095 3539 Son
1104 3507 1110 3550 ;
1126 3492 1174 3541 but

173 3567 236 3618 each
247 3567 269 3615 is
280 3566 382 3616 Perfeot
392 3565 457 3615 God.
490 3566 538 3615 See
548 3566 660 3614 Paarson
674 3566 714 3613 Oa
726 3564 769 3613 tte
779 3564 861 3616 Orccd
873 3573 903 3627 37
915 3566 942 3615 ff.
954 3565 1019 3614 with
1030 3565 1084 3613 reti.
1091 3565 1172 3618 there.

240 3644 338 3700 gradu
366 3640 429 3689 This
436 3640 507 3689 word
514 3641 536 3689 is
545 3645 590 3689 not
599 3640 661 3689 used
669 3639 729 3689 here
737 3640 765 3688 in
774 3639 899 3689 thesense
907 3641 935 3688 in
943 3639 1027 3688 which
1035 3640 1085 3688 itis
1094 3640 1173 3690 found

174 3732 195 3767 a.
202 3731 235 3781 g..
246 3716 272 3766 S.
284 3715 344 3765 Leo.
357 3714 437 3764 Serm.
451 3723 491 3777 72,
500 3723 546 3778 773
563 3714 588 3762 S.
601 3714 712 3778 August.
724 3714 803 3762 Serm.
814 3713 868 3776 264.
880 3723 903 3778 7,
915 3714 1008 3777 (where
1021 3713 1066 3763 the
1074 3716 1172 3764 writers

174 3807 219 3841 are
229 3792 353 3855 rejecting
360 3790 404 3838 the
413 3789 470 3838 idea
477 3789 505 3838 of
513 3789 616 3853 degrees
623 3789 651 3838 of
659 3789 811 3852 superiority
822 3804 850 3837 or
861 3789 1037 3853 inferiorityin
1048 3789 1094 3837 the
1105 3789 1172 3838 God-

175 3866 241 3916 hcad
250 3866 278 3914 oi
286 3866 331 3915 the
338 3864 420 3915 Three
428 3864 564 3927 Persons);
575 3865 622 3913 bnt
633 3865 661 3913 in
672 3864 800 3914 reference
810 3869 838 3914 to
846 3864 891 3914 the
899 3872 906 3892 ⁴
914 3862 1001 3914 order’
1009 3864 1037 3913 of
1045 3865 1170 3914 existence
